3109 5067
491 1209 749 1322 Theseo
786 1207 1290 1320 concreveneae.

332 1532 357 1597 1.
395 1528 556 1594 Lactantii
580 1530 682 1595 Divin.
707 1530 781 1592 inst.
806 1528 852 1592 VI
877 1531 928 1602 15,
954 1527 995 1589 10
1023 1543 1100 1602 „pro
1122 1518 1289 1598 cupiditate
1321 1508 1507 1574 substituunt

447 1634 575 1720 (Stoici)
598 1636 792 1713 continuom,
816 1635 910 1714 quusi
932 1652 1002 1694 cero
1026 1648 1090 1692 ooo
1112 1624 1205 1688 multo
1227 1623 1270 1685 su
1286 1611 1506 1699 praesuminus

447 1741 560 1805 bouum
583 1763 693 1821 cupere
728 1761 823 1821 quom
849 1737 1003 1823 [molum]
1032 1733 1124 1797 ueilc“
1153 1729 1309 1794 obiectum
1342 1718 1506 1801 ‚mmmm-3

446 1846 531 1929 quod
566 1846 741 1917 Brandtius
783 1846 872 1908 uncis
912 1840 1057 1916 includit,
1091 1832 1291 1901 retinendum
1331 1849 1403 1893 esse
1441 1843 1506 1885 con-

445 1952 611 2017 tenderim.

334 2079 362 2143 2.
398 2075 492 2141 Ratio
515 2075 678 2159 praecedit
701 2095 885 2150 sermonem,
909 2093 970 2135 non
997 2089 1098 2133 sermo
1122 2064 1287 2129 rationem.

334 2203 362 2267 3.
398 2200 452 2265 Sil.
478 2200 546 2263 Ital.
573 2200 681 2264 Punic.
705 2198 748 2261 IX
773 2201 837 2261 377
872 2218 929 2279 pro
960 2194 1001 2257 iis
1031 2212 1113 2275 quae
1142 2194 1216 2251 sunt
1243 2185 1278 2248 in
1306 2180 1403 2245 libris
1434 2172 1508 2285 „liii

448 2306 567 2370 decoris
590 2308 619 2369 si
640 2307 764 2369 assion
788 2302 955 2384 legendum
977 2318 1126 2383 propono

333 2433 363 2495 4.
398 2428 453 2495 Sil.
477 2428 547 2493 Ital.
572 2428 680 2493 Punic.
708 2426 751 2489 VI
775 2429 817 2490 31
843 2447 889 2508 sq.
914 2425 959 2487 sic
981 2440 1140 2505 propono:
1164 2414 1257 2496 „Seu
1281 2409 1395 2473 siccis
1418 2407 1509 2468 viciam

448 2534 525 2609 telio,
557 2533 693 2597 lubentio
722 2531 856 2596 oceucbru
887 2529 1062 2594 Prostrooit
1099 2544 1193 2604 super
1227 2523 1320 2599 atquc
1350 2514 1509 2578 intento

448 2643 572 2703 morte
594 2638 742 2720 teycbotf‘

334 2766 363 2829 5.
397 2761 544 2847 Lycurgi,
567 2782 649 2843 quae
672 2760 830 2835 dicuntur,
858 2760 943 2839 leges
967 2778 1029 2820 non
1060 2754 1102 2819 ab
1124 2772 1188 2816 uno
1210 2746 1341 2811 homine
1370 2741 1510 2822 scriptae

449 2867 505 2933 sed
536 2866 669 2931 decursu
699 2873 878 2947 temporum
902 2885 918 2927 c
941 2862 1070 2926 civitate
1092 2850 1422 2923 Lacedaemoniorum
1444 2866 1509 2909 con-

448 2973 573 3037 dicione
595 2979 683 3035 ortas
706 2992 773 3035 esse
796 2969 1019 3034 contenderim.

334 3100 362 3165 6.
397 3096 531 3161 Tribuni
562 3095 665 3178 plebis
695 3093 769 3157 inde
798 3092 841 3157 eb
871 3114 898 3157 u
928 3094 990 3154 471
1022 3110 1050 3153 a.
1075 3086 1148 3152 Chr.
1176 3105 1207 3149 n
1236 3078 1387 3145 conciliis
1417 3072 1511 3159 plebis

447 3201 588 3277 tributis,
611 3221 674 3264 non
698 3198 834 3264 comitiis
856 3196 987 3262 tributis
1010 3191 1212 3259 creabantur.
