3109 5067
311 532 606 596 conformationem:
648 534 729 615 Epit.
758 534 810 609 40,
840 534 860 595 3
895 532 977 595 idem
999 536 1113 611 scrpaa¹
1143 554 1230 596 mure
1252 531 1424 596 ambularit.
1470 533 1521 596 Sal

313 637 364 700 hic
393 637 628 718 praepositionis
662 658 736 701 usus
764 658 852 702 suam
881 656 1007 701 causam
1034 638 1135 715 habet,
1177 658 1248 703 curn
1277 640 1418 703 miraculi
1446 640 1522 702 illius

313 744 429 807 mentio
460 743 515 806 fiat
537 762 555 806 a
578 744 654 807 Jesu
678 742 800 808 Christo
824 744 929 807 divina
951 747 1103 825 potestate
1126 744 1211 821 facti,
1243 745 1323 827 quod
1349 763 1408 808 non
1431 746 1522 825 potuit

312 851 394 911 recte
418 849 563 930 explicari
586 850 810 931 praepositione
832 849 888 913 illa
911 850 1036 913 omissa.

420 954 507 1017 Adde
531 956 705 1035 exemplum
730 956 810 1036 quod
833 955 914 1018 Livii
937 955 987 1018 vel
1002 955 1104 1019 Taciti
1127 956 1262 1018 studium
1291 956 1387 1037 sapit:
1410 955 1457 1017 IV
1481 959 1525 1019 21.

316 1062 355 1124 10
379 1059 588 1139 captiosarum
611 1080 650 1123 ea
673 1064 708 1123 ut
737 1061 789 1143 (cf.
813 1062 868 1125 Kr.
892 1059 1044 1136 Schmalz,
1061 1061 1166 1124 Antib.
1189 1061 1206 1123 I
1228 1079 1278 1143 pg.
1302 1062 1390 1142 675).

420 1187 449 1249 2.
479 1204 514 1247 ex
537 1185 655 1248 ratione
687 1184 771 1248 uerbi
801 1185 972 1265 compositi.
1022 1184 1096 1249 Jam
1125 1182 1231 1248 Cicero
1261 1185 1409 1248 nonnulla
1440 1185 1526 1247 verba

311 1290 461 1354 eiusmodi
495 1291 656 1355 transitive
691 1297 834 1372 usurpat3
876 1291 928 1354 sed
966 1310 1058 1353 usum
1091 1291 1173 1354 intra
1199 1290 1348 1354 terminos
1382 1292 1526 1369 quosdam

311 1397 455 1472 coercuit,
479 1415 554 1477 quos
577 1397 760 1477 posteriores
789 1397 973 1479 transgressi
1004 1400 1084 1460 sunt.
1129 1395 1269 1474 Quorum
1291 1397 1434 1459 licentiae
1459 1416 1526 1459 nuru

312 1502 493 1567 Lactantius
516 1503 686 1577 indulserit,
711 1506 744 1566 ut
768 1512 979 1583 cognoscatur,
1011 1504 1150 1584 exempla
1178 1504 1211 1565 in
1235 1501 1371 1566 medinm
1393 1502 1527 1583 profera-

313 1627 382 1671 mus
407 1609 544 1671 ordinem
568 1609 831 1690 praepositionum
854 1608 959 1671 secrrti.

420 1732 588 1795 Verborum
612 1752 683 1795 amn
713 1731 937 1813 praepositione
962 1718 1020 1827 ‘ad'
1044 1732 1285 1812 compositorum
1300 1750 1375 1794 usus
1399 1732 1528 1794 Lactan-

313 1839 417 1901 tianus
441 1836 618 1902 aCicerone
641 1856 703 1901 nou
720 1838 855 1901 multum
871 1837 981 1913 differt,
1003 1838 1064 1901 nisi
1087 1837 1166 1901 forte
1189 1838 1295 1919 magni
1318 1839 1419 1919 putas,
1444 1839 1527 1916 quod.

310 1962 385 2005 cum
421 1941 525 2007 Cicero
560 1943 750 2025 frequentius
784 1944 878 2008 verba
923 1943 1072 2007 eiusmodi
1116 1944 1197 2007 varie
1235 1943 1410 2025 coniungat,
1455 1944 1528 2024 apud

312 2050 509 2113 Lactantium
533 2069 652 2131 serrrper
675 2050 868 2114 accusativus
891 2050 991 2112 nudus
1015 2050 1153 2128 sequitur
1175 2050 1233 2112 hoo
1257 2048 1401 2111 verbum:

419 2174 580 2255 adgredi
603 2174 619 2236 I
645 2176 671 2249 1,
698 2175 736 2237 17
761 2174 1001 2249 ercanradum·
1029 2172 1058 2235 V
1082 2174 1113 2254 2,
1147 2175 1185 2237 10
1209 2172 1244 2235 id
1265 2173 1384 2251 operia·
1413 2172 1477 2234 VII
1508 2175 1529 2238 1.

310 2280 372 2352 23ς
396 2276 452 2360 Op.
477 2280 514 2343 D.
541 2282 567 2355 1,
594 2281 634 2342 14
656 2277 710 2341 boc
732 2298 857 2341 maures.
894 2277 999 2355 Cicero
1022 2282 1138 2352 contra,
1168 2280 1194 2341 si
1216 2280 1253 2342 de
1281 2297 1370 2359 opere
1400 2279 1529 2357 quodam

313 2384 453 2448 faciendo
477 2386 589 2467 agitur,
613 2404 734 2466 semper
756 2385 1014 2467 praepositionem
1039 2372 1099 2478 ‘ad'
1123 2385 1298 2449 accusativo
1322 2385 1417 2448 addit.

421 2508 578 2572 adflare
602 2509 662 2571 Vll
682 2511 708 2585 l,
732 2511 783 2585 23,
806 2508 891 2572 uude
914 2529 964 2572 eos
986 2509 1060 2572 odor
1082 2507 1131 2571 otte
1154 2509 1328 2587 saptentiae
1344 2555 1457 2570 .....
1483 2507 1531 2570 url-

310 2612 443 2690 sbrccrit.
501 2615 661 2678 Eiusmodi
697 2634 770 2677 usus
806 2616 982 2697 exemplum
1012 2615 1109 2678 lexica
1144 2632 1205 2677 non
1239 2613 1386 2695 praebent
1415 2614 1480 2676 nisi
1508 2615 1532 2675 iu

314 2720 413 2799 poetis
437 2723 467 2783 et
490 2721 710 2784 recentioribus
733 2722 934 2802 scriptoribus
965 2720 1018 2803 (cf.
1042 2721 1107 2783 Liv.
1132 2723 1183 2796 22,
1212 2720 1264 2794 43,
1291 2720 1328 2781 ll
1354 2722 1442 2799 torpa
1467 2722 1531 2781 turr-

310 2828 379 2888 tam
401 2824 540 2904 adflante
562 2829 677 2909 oculo).

392 2938 395 2947 “
419 2933 545 3013 Duplici
567 2933 684 2997 ratione
701 2936 866 3014 usurpatur
882 2951 900 2996 a
916 2933 1077 2996 Lactantio
1101 2949 1196 3012 aeque
1219 2934 1311 3010 atque
1334 2913 1545 2993 adicerent!

422 3039 548 3102 adire:
577 3039 648 3102 inst.
676 3040 691 3102 Ι
716 3041 767 3115 20,
791 3041 811 3102 4
833 3037 989 3117 penetral
1016 3058 1027 3114 ;
1057 3038 1090 3100 ΙΙ
1112 3039 1142 3113 4,
1172 3038 1231 3108 28;
1266 3036 1424 3116 aptast,
1454 3037 1476 3099 8
1501 3034 1536 3098 ud

313 3146 419 3223 ipsum
442 3145 629 3208 sacrarium.
675 3142 755 3225 Opif.
780 3146 809 3220 4,
833 3146 853 3208 3
876 3144 920 3206 ad
941 3164 1019 3206 cum.

422 3251 471 3314 Ab
502 3251 635 3313 aliorum
667 3256 771 3313 autem
794 3250 955 3314 uerborum
984 3249 1133 3313 eiusmodi
1164 3248 1326 3312 transitivo
1356 3266 1415 3310 usu
1448 3264 1537 3327 quern

313 3357 458 3421 exhibent
486 3357 629 3435 aequales
659 3356 852 3437 maximeque
881 3357 1045 3437 scriptores
1069 3354 1215 3419 ecclesiae
1239 3352 1428 3435 (adhaerere,
1454 3356 1538 3418 adia·

311 3481 392 3539 cere,
415 3462 571 3539 accubare,
594 3462 774 3526 accumbere
797 3480 822 3524 c.
845 3479 908 3524 acc.
930 3462 968 3525 cf.
992 3462 1104 3542 Draeg.
1127 3461 1148 3523 l.
1171 3478 1196 3523 c.
1219 3478 1269 3542 pg.
1292 3458 1369 3540 377)
1401 3458 1539 3523 Lactan-

316 3568 379 3631 tius
420 3585 545 3649 prorsus
591 3586 623 3630 se
653 3566 817 3643 abstinuit,
864 3571 900 3631 ut
933 3566 1081 3630 terminos
1121 3583 1145 3634 a,
1181 3564 1325 3629 Cicerone
1353 3565 1540 3629 constitutos

315 3692 377 3737 non
400 3674 535 3737 multum
559 3676 786 3752 transgressum
815 3692 881 3736 esse
911 3692 981 3735 eum
1005 3672 1160 3735 affirmare
1182 3671 1289 3752 possis.
1334 3670 1447 3748 Neque
1475 3692 1541 3734 vero

313 3780 398 3843 idem
432 3779 492 3843 dici
521 3782 623 3861 potest
651 3779 688 3841 de
717 3798 775 3845 usu
803 3778 974 3854 verborum,
1011 3796 1089 3859 quae
1123 3796 1192 3840 cum
1227 3776 1457 3858 praepositione
1493 3762 1539 3873 ‘iu'

313 3886 481 3949 coniuncta
505 3889 591 3948 sunt:

426 4116 435 4145 ¹
453 4110 629 4164 Heumannus
648 4126 694 4179 pro
716 4115 827 4179 ,supra“
848 4111 962 4165 scribere
980 4109 1083 4163 mavult
1104 4112 1223 4177 „super“‚
1237 4108 1308 4177 quod
1327 4106 1391 4160 mihi
1411 4108 1539 4176 probatur

314 4199 493 4255 consideranti
510 4197 570 4252 illas
583 4199 791 4268 praepositiones
803 4216 855 4253 non
873 4198 957 4252 semel
969 4198 1093 4252 confusas
1105 4212 1164 4250 esse
1176 4199 1203 4249 et
1215 4196 1408 4265 praepositione
1425 4201 1537 4265 „super”

315 4287 472 4343 accuratius
491 4287 665 4341 demonstrari
683 4286 820 4341 Christum
838 4302 911 4341 mare
929 4286 1040 4355 pedibus
1058 4286 1184 4355 attigisse,
1203 4285 1302 4353 quain
1319 4300 1348 4337 ro
1366 4284 1435 4338 ratio
1454 4284 1540 4337 curuis

316 4376 441 4431 miraculi
460 4376 610 4429 continetur
628 4376 672 4444 (cl.
691 4375 732 4429 IV
752 4378 794 4444 15,
814 4376 845 4431 21
862 4374 979 4444 pcdidrrs
997 4390 1074 4427 neure
1093 4373 1235 4442 inpressas
1253 4375 1311 4439 est).
