3109 5067
171 1384 199 1446 1.
232 1382 266 1447 Si
289 1400 396 1447 rerum
420 1386 468 1447 est
491 1382 800 1446 commentationibus
821 1383 858 1445 de
882 1383 1072 1462 singulorum
1097 1384 1278 1464 scriptorum

51 1507 173 1571 genere
197 1488 320 1553 dicendi
341 1507 403 1551 111
427 1489 525 1552 solum
550 1491 648 1552 artem
675 1489 912 1568 grammaticam
937 1488 1083 1564 adiuvari,
1108 1488 1278 1552 sedetiam

50 1613 151 1677 saepe
176 1594 216 1658 ad
240 1594 397 1676 scriptoris
421 1594 613 1658 condiciones
637 1598 667 1657 et
686 1594 766 1657 vitae
783 1598 814 1657 et
837 1594 933 1657 animi
955 1594 1105 1657 eruendas
1128 1612 1279 1676 operaque

49 1699 247 1765 illustranda
275 1719 426 1781 magnum
464 1700 574 1764 adferri
605 1703 809 1774 momentum,
846 1698 922 1762 illud
954 1700 1103 1764 latissime
1131 1703 1218 1783 patet
1245 1702 1279 1763 in

50 1807 238 1889 quaestione
269 1806 306 1869 (19
335 1804 492 1870 Lactantii
520 1824 631 1887 genere
661 1805 782 1869 dicendi
816 1806 1015 1870 instituenda.
1062 1805 1150 1885 Quod
1178 1807 1279 1887 colligi

49 1916 161 1997 potest
175 1913 223 1977 vel
245 1911 380 1976 manime
404 1931 440 1976 ex
463 1912 516 1975 lite
541 1930 621 1994 quae
644 1911 682 1977 de
706 1916 833 1975 auctore
857 1912 924 1975 libri
941 1913 994 1994 qui
1009 1911 1122 1976 dicitur
1144 1912 1187 2007 (L.
1205 1911 1280 1977 Cac-

50 2019 122 2085 eilii
153 2018 190 2083 do
227 2018 381 2081 mortibus
413 2004 657 2100 persecutornm'
688 2006 807 2080 iamdiu
843 2021 946 2081 exorta
975 2036 1058 2081 nunc
1087 2017 1125 2082 (19
1161 2018 1279 2099 integro

52 2126 183 2191 animos
208 2124 396 2189 eruditorum
418 2124 466 2187 'ita
488 2124 639 2201 excitavit,
664 2132 700 2187 ut
723 2124 874 2187 sententia
898 2124 1024 2188 alterius
1048 2124 1135 2188 alteri
1156 2143 1279 2206 prorsus

51 2231 214 2297 contraria
245 2250 311 2296 esse
335 2231 483 2295 videatur.
530 2229 621 2305 Nam,
651 2230 797 2312 quoniam
828 2249 863 2293 ex
894 2229 994 2293 verbis
1018 2228 1174 2295 Lactantii
1204 2231 1279 2313 ipsis

52 2358 123 2403 non
139 2338 278 2402 multum
301 2336 430 2401 conferri
446 2338 546 2419 potest
562 2334 642 2418 quod
661 2335 700 2399 ad
723 2336 809 2399 illam
827 2336 1038 2417 quaestionem
1054 2335 1278 2402 dissolvendam

54 2446 173 2521 valeat,
195 2445 291 2509 eliam
322 2445 354 2507 in
385 2462 483 2524 genus
506 2442 628 2506 dicendi
656 2445 687 2506 et
709 2440 866 2507 Lactantii
889 2445 920 2506 et
949 2442 1083 2507 auctoris
1112 2444 1177 2506 eius
1201 2443 1279 2520 libri,

54 2553 99 2615 de
130 2570 190 2633 quo
219 2554 376 2615 certamen
406 2549 449 2619 fit,
480 2548 663 2630 inquisitum
694 2552 750 2613 est.
798 2547 932 2627 Quinam
962 2551 1011 2612 est
1039 2552 1165 2613 eventus
1196 2549 1279 2613 illius

52 2657 289 2739 inquisitionis?
333 2656 448 2719 Mirum
471 2655 603 2736 profecto
622 2654 750 2730 ridetur,
774 2654 856 2736 quod
880 2652 920 2717 ad
942 2653 1165 2719 defendendam
1188 2674 1279 2719 suam

53 2768 192 2845 utraque
221 2781 292 2846 pars
324 2762 508 2827 sententiam
540 2765 663 2843 practer
694 2760 770 2823 alias
794 2761 929 2824 rationes
959 2760 1035 2824 illud
1060 2764 1279 2842 argumentum

52 2870 173 2953 profert
203 2869 283 2952 quod
319 2887 354 2933 ex
391 2884 501 2947 genere
533 2865 655 2942 dicendi
684 2867 748 2930 erui
785 2886 873 2949 posse
905 2866 1074 2931 existimet:
1109 2867 1160 2930 alii
1190 2866 1278 2931 illum

54 2978 175 3040 librum
199 2975 300 3039 simile
324 2973 444 3037 dicendi
468 2992 567 3053 genus
590 2991 664 3055 prae
689 2992 720 3037 sc
751 2972 830 3037 ferre
854 2972 1052 3049 contendunt,
1083 2973 1135 3036 alii
1157 2977 1278 3055 propter

54 3085 117 3147 hoc
140 3081 243 3164 ipsum
266 3081 305 3145 ab
329 3098 363 3143 eo
386 3098 509 3162 prorsus
532 3078 773 3143 abiudioandum
804 3098 871 3143 esse
900 3082 1035 3143 censent.
1081 3078 1150 3158 Qua
1178 3098 1216 3143 ex
1244 3098 1277 3143 re

54 3188 254 3269 cognoscitur
276 3186 485 3268 quaestionem
509 3185 546 3248 de
569 3197 678 3265 genere
701 3184 822 3248 dicendi
838 3184 1041 3248 Lactantiano
1063 3184 1201 3248 nondum
1224 3186 1277 3248 ab·

55 3296 194 3359 solutam
225 3312 300 3359 esse.
348 3292 456 3373 ltaque
493 3292 573 3354 hanc
608 3291 821 3373 quaestionem
856 3291 894 3354 de
925 3291 1042 3371 integro
1077 3294 1170 3373 atquc
1206 3309 1276 3355 eam

55 3402 159 3467 solam
182 3420 236 3483 per
260 3419 292 3464 se
315 3398 538 3462 instituendam
569 3417 635 3462 esse
659 3397 847 3460 arbitramur
871 3397 947 3460 libro
976 3396 1013 3461 de
1037 3396 1187 3460 mortibus
1211 3415 1277 3479 per-

56 3510 237 3573 secutorum
253 3504 398 3585 neglecto,
422 3508 458 3567 ut
480 3504 545 3568 sine
568 3504 613 3567 ira
637 3507 668 3567 et
683 3503 784 3567 studio
808 3502 1010 3566 contendatur
1025 3520 1108 3578 neve,
1132 3506 1169 3565 ut
1186 3520 1276 3584 saepe

55 3612 171 3687 evenit,
201 3611 396 3694 inquisitione
427 3610 562 3692 quadam
593 3610 738 3691 primaria
769 3609 939 3691 quidquam
968 3608 1145 3672 detrimenti
1175 3608 1276 3689 capiat

55 3718 251 3791 secundaria,
289 3736 362 3781 cum
396 3735 484 3781 mens
521 3714 559 3779 ad
594 3717 774 3798 primariam
808 3715 850 3778 sit
886 3715 979 3777 nimis
1014 3714 1143 3778 intenta.
1190 3714 1275 3777 Haec

54 3824 264 3899 considerans,
288 3842 361 3887 cum
396 3841 446 3886 me
475 3822 514 3886 1(1
545 3822 796 3902 investigandum
829 3839 1003 3884 sermonem
1027 3820 1181 3883 Lactantii
1211 3839 1282 3883 con·

55 3931 194 4006 tulerim,
230 3931 364 4013 primum
403 3928 613 4011 quaerendum
649 3947 715 3993 esse
751 3931 840 3992 ratus
880 3946 960 4003 sum,
1007 3925 1080 4007 quid
1117 3928 1208 3989 antea
1244 3925 1282 3988 de

52 4040 110 4103 illo
134 4036 305 4101 iudicatum
329 4035 377 4100 sit.

166 4163 194 4226 2.
231 4159 428 4241 Quamquam
458 4160 538 4223 inter
568 4159 728 4241 scriptores
758 4158 907 4222 ecclesiae
938 4157 1053 4220 latinae
1083 4173 1143 4217 non
1168 4153 1281 4218 desunt

56 4270 110 4351 qui
137 4267 176 4331 ad
198 4266 291 4330 fidem
315 4266 515 4329 christianam
538 4262 764 4329 defendendam
788 4264 888 4327 multo
912 4263 1027 4326 maiore
1058 4279 1130 4324 cum
1159 4259 1280 4339 ingenio

56 4374 198 4456 adgressi
220 4373 289 4455 plus
314 4372 509 4449 contulerint,
533 4374 671 4436 attamen
695 4389 785 4435 nemo
809 4372 963 4433 intereos
987 4366 1111 4447 estqui
1136 4367 1168 4428 in
1192 4369 1279 4428 lanto

1051 4493 1061 4539 1
1109 4528 1112 4534 .
