3109 5067
755 332 757 336 ’
785 347 996 451 ..ι-

279 590 300 633 u
316 564 501 647 temporibus
523 567 591 630 eires
613 565 674 645 fluit
695 566 874 640 receptare
896 565 911 626 Ι
935 567 986 639 21,
1013 566 1053 628 16
1076 565 1116 629 ab
1138 568 1199 631 istc
1212 588 1329 649 pectere
1349 590 1514 634 sacrorum

278 693 343 737 amc
367 674 499 739 intueris
522 672 671 735 insuetae
695 670 868 734 iudicanda
884 675 959 733 seret
978 670 1106 750 publica
1129 672 1184 737 illa
1200 694 1308 737 saera.

389 955 475 1021 Haec
499 953 594 1018 habui
618 952 655 1017 de
679 950 835 1017 Lactantii
863 971 923 1015 usu
946 971 1078 1018 casuum
1102 973 1182 1035 quae
1206 955 1359 1021 dicerem.
1417 961 1516 1041 Atque

284 1065 321 1127 ut
345 1081 380 1127 cx
404 1062 442 1125 iis
467 1079 546 1143 quae
571 1058 661 1123 attuli
685 1076 842 1121 summam
866 1058 1091 1138 quodammodo
1125 1060 1270 1137 efficiam,
1308 1065 1392 1127 satis
1427 1085 1517 1147 appa-

279 1186 347 1234 rere
371 1169 445 1251 puto
470 1164 667 1229 lactantium
690 1163 722 1225 in
745 1163 783 1225 iis
812 1163 905 1226 rebus
927 1165 1150 1244 grammaticis
1173 1167 1207 1229 in
1242 1169 1363 1248 quibus
1400 1172 1518 1251 singuli

282 1274 448 1359 scriptores
471 1271 606 1335 maxime
629 1269 660 1332 in
677 1268 812 1331 diversas
835 1272 938 1350 partes
961 1269 1131 1343 discedant,
1147 1274 1273 1353 saepius
1290 1294 1356 1350 eos,
1373 1278 1436 1357 qui
1454 1283 1518 1359 post

280 1378 439 1445 Ciceronis
462 1380 603 1459 tempora
625 1375 760 1450 fuerunt
784 1377 816 1437 et
837 1378 941 1455 poetas
965 1380 1108 1439 secutum
1132 1397 1199 1442 esse
1228 1380 1326 1461 idque
1358 1383 1518 1465 imprimis

279 1486 363 1553 cerni
387 1484 490 1549 studio
513 1482 608 1547 dativi
630 1500 707 1545 usus
730 1485 761 1545 et
783 1480 906 1544 fastidio
928 1483 1163 1563 praepositionis
1185 1485 1219 1548 in
1251 1488 1359 1551 verbis
1390 1508 1518 1571 compo

280 1593 349 1659 sitis
372 1588 600 1656 conformandis
623 1587 814 1669 repetendae.
862 1586 985 1665 Quare
1008 1590 1133 1669 cognita
1155 1592 1318 1655 solvamus
1351 1596 1517 1675 quaestio

279 1718 351 1765 ιιιιι
376 1716 449 1781 quo
471 1696 555 1759 iure
578 1694 809 1776 appelletur
831 1692 1063 1757 Lactantius
1087 1693 1223 1760 Cicero
1246 1699 1517 1765 christianus.

279 1805 404 1889 Duplici
427 1804 533 1867 autem
556 1800 673 1865 ratione
695 1798 869 1881 responderi
891 1818 979 1880 posse
1002 1804 1086 1881 puto.
1131 1801 1165 1865 Si
1181 1804 1372 1885 scriptorem
1388 1809 1518 1871 christi-

279 1930 386 1984 anum,
410 1912 446 1973 ut
469 1906 593 1971 nomine
617 1903 769 1969 Ciceronis
799 1904 957 1967 christiani
989 1905 1103 1985 dignus
1133 1909 1183 1983 sit
1219 1912 1410 1992 evestigiis
1451 1916 1514 1977 eius

278 2034 421 2099 unquam
462 2012 606 2079 excedere
636 2014 732 2083 retae,
775 2008 975 2073 Lactantinm
1008 2012 1076 2075 iure
1108 2014 1162 2077 illc
1196 2018 1325 2081 nomine
1362 2022 1517 2101 appellari

278 2124 354 2206 quia
378 2139 490 2201 negem
513 2117 613 2181 tacere
643 2134 704 2179 non
732 2133 867 2197 possum.
921 2115 976 2179 Sin
1010 2122 1118 2181 autem
1151 2121 1207 2183 illo
1242 2125 1375 2187 nomine
1414 2128 1517 2190 leuius

276 2248 355 2295 usus
379 2225 553 2307 significare
574 2223 631 2295 ris,
654 2220 856 2285 Ιιιιιιιιιιιιιιι
879 2240 989 2301 genere
1011 2222 1134 2288 dicendi
1157 2228 1308 2291 omnibus
1320 2234 1517 2312 aequalibus

277 2334 460 2401 antecellere
484 2348 582 2411 aeque
606 2346 641 2391 ac
666 2325 842 2391 Ciceronem
865 2327 939 2399 suis
962 2346 1022 2390 non
1052 2349 1191 2411 repugno
1220 2336 1396 2413 quominus
1433 2338 1516 2403 Cice

276 2458 387 2507 ranem
410 2436 614 2503 christianum
637 2452 709 2497 cum
732 2432 875 2514 appelles
919 2432 1001 2495 Nam
1024 2437 1072 2498 rel
1094 2455 1132 2499 ex
1153 2457 1219 2501 una
1242 2443 1389 2519 syntaxis
1417 2450 1517 2526 parte,

276 2548 308 2610 in
332 2564 429 2629 quam
451 2540 680 2623 inquisivimus,
702 2538 889 2617 intellegitur
915 2536 1116 2603 lactantium
1147 2544 1294 2608 licentiae
1325 2553 1517 2630 aequalium

276 2652 375 2717 etita
404 2654 594 2731 temperasse
628 2648 663 2707 ιιι
698 2644 845 2707 terminos
867 2662 886 2705 a
910 2642 1055 2709 Cicerone
1088 2650 1279 2713 constitutas
1312 2672 1378 2716 non
1418 2660 1518 2721 nimis

277 2762 494 2837 transgressus
517 2753 567 2824 sit,
591 2754 622 2813 et
645 2754 769 2813 tantum
791 2749 957 2814 indulsisse
979 2757 1133 2832 quantum
1157 2753 1266 2819 Cicera
1288 2759 1368 2840 ipse,
1402 2764 1436 2825 si
1470 2784 1518 2828 ae

276 2866 343 2930 tate
357 2858 514 2925 Lactantii
537 2855 700 2927 floruisset,
714 2855 881 2917 obsecutus
896 2860 987 2920 esset.
1025 2857 1097 2933 Sed
1111 2864 1274 2943 utcunque
1289 2884 1389 2930 resse
1407 2870 1517 2944 habet

276 2985 401 3035 samma
412 2965 506 3029 huius
518 2980 615 3043 quaes
617 2960 710 3023 tionis
722 2959 880 3023 admoneri
886 2959 1045 3037 debemus
1055 2966 1143 3028 uead
1152 2970 1375 3047 quaestionem
1389 2974 1436 3038 de
1446 2978 1518 3041 libri

286 3073 374 3139 dent
382 3072 414 3137 Ρ
416 3057 558 3134 auctore
566 3066 992 3145 dissolvendamargumento
998 3070 1080 3149 quod
1087 3072 1126 3133 ad
1133 3074 1370 3151 genusdrcendr
1378 3086 1516 3161 spectat.

274 3185 414 3251 utamur,
431 3174 579 3259 quoniam
596 3172 735 3235 [iactant
726 3190 775 3233 rus
790 3190 851 3233 non
865 3177 932 3234 tam
939 3192 1030 3254 prope
1038 3176 1080 3237 ad
1089 3176 1245 3242 Ciceronis
1252 3200 1357 3261 venus
1366 3190 1517 3260 accessit

274 3286 437 3351 utlibrum
451 3282 551 3353 illum,
567 3278 679 3361 quippe
694 3278 748 3359 qui
762 3295 826 3339 non
841 3275 1023 3341 Ciceronis
1012 3282 1070 3343 nni
1069 3285 1180 3346 tatoris
1195 3305 1265 3350 esse
1279 3291 1393 3369 possit,
1420 3294 1466 3355 ab
1482 3314 1517 3357 eo

274 3389 447 3457 abiudicari
479 3403 606 3449 necesse
641 3383 691 3454 sit,
727 3400 828 3462 neque
861 3385 928 3445 tam
961 3384 1050 3465 longe
1084 3388 1230 3452 discessit
1263 3398 1314 3466 nt,
1349 3399 1442 3476 quod
1477 3400 1517 3462 ad

273 3499 353 3561 banc
377 3494 531 3557 rationem
554 3489 677 3561 attinet,
708 3487 773 3550 sine
804 3487 896 3550 dnbio
930 3491 1098 3555 attribuere
1132 3497 1306 3575 possimus.
1347 3499 1515 3580 Ceterum,

274 3622 348 3667 curn
371 3617 485 3663 nornen
508 3594 662 3659 Ciceronis
684 3592 843 3655 christiani
870 3594 922 3654 illo
954 3596 1046 3658 modo
1079 3599 1315 3678 circumscribo,
1338 3607 1515 3673 Lactantio

273 3708 350 3771 nihil
372 3704 503 3768 iniuriae
525 3700 593 3764 fieri
615 3718 634 3761 a
656 3717 707 3761 me
730 3698 868 3761 arbitror.
913 3699 1006 3774 Nam,
1020 3707 1057 3765 ιιι
1080 3704 1259 3785 Madvigius
1281 3711 1436 3795 princeps
1460 3716 1514 3778 ille

272 3810 457 3897 philologiae
481 3806 636 3889 praeclare
659 3802 742 3874 dicit
720 3804 903 3897 petrtinet
918 3806 990 3867 ad
980 3827 1082 3888 ipsam
1104 3811 1291 3892 philologiae
1312 3816 1514 3896 digmtatem

274 3917 446 4003 prudenter
466 3911 568 3991 magis
591 3927 688 3989 quarn
710 3908 907 3987 indulgenter
927 3910 1047 3974 landari
1070 3916 1217 3997 antiquos
1246 3914 1446 4001 scriptores'.
1452 3929 1466 3965 ²

411 4101 623 4159 eiBraudtium
650 4098 692 4151 Ζιι
708 4097 759 4149 den
777 4098 996 4165 prepositionalen
1012 4102 1265 4177 Umacbreibungen
1287 4111 1339 4165 des
1357 4114 1415 4172 ιιι
1436 4134 1514 4170 eom.

273 4187 457 4267 ριιιιιιοιιιιί
447 4190 539 4259 heren
558 4188 683 4255 lexicogr.
702 4188 730 4237 ιι
747 4201 857 4253 gramm
874 4186 920 4243 lat
939 4188 992 4241 rol
1011 4190 1081 4245 VIH
1098 4210 1141 4263 pg.
1161 4198 1233 4260 595)

379 4281 441 4335 cf.
462 4275 613 4347 praelatio
606 4292 633 4327 ιιι
653 4272 735 4329 Cicer.
754 4272 787 4323 de
805 4272 848 4326 ιιι
867 4291 909 4343 pg.
927 4275 1004 4331 Lm.
