<?xml version="1.0" encoding="UTF-8"?>
<!DOCTYPE html PUBLIC "-//W3C//DTD XHTML 1.0 Transitional//EN"
    "http://www.w3.org/TR/xhtml1/DTD/xhtml1-transitional.dtd">
<html xmlns="http://www.w3.org/1999/xhtml" xml:lang="en" lang="en">
 <head>
  <title>
</title>
<meta http-equiv="Content-Type" content="text/html;charset=utf-8" />
  <meta name='ocr-system' content='tesseract 3.04.00' />
  <meta name='ocr-capabilities' content='ocr_page ocr_carea ocr_par ocr_line ocrx_word'/>
</head>
<body>
  <div class='ocr_page' id='page_1' title='image "./quoiurelactanti01limbgoog_0008.png"; bbox 0 0 3109 5067; ppageno 0'>
   <div class='ocr_carea' id='block_1_1' title="bbox 272 359 1498 3195">
    <p class='ocr_par' dir='ltr' id='par_1_1' title="bbox 869 359 888 418">
     <span class='ocr_line' id='line_1_1' title="bbox 869 359 888 418; baseline 0 0"><span class='ocrx_word' id='word_1_1' title='bbox 869 359 888 418; x_wconf 83' lang='lat'><strong>2</strong></span> 
     </span>
    </p>

    <p class='ocr_par' dir='ltr' id='par_1_2' title="bbox 272 566 1498 3195">
     <span class='ocr_line' id='line_1_2' title="bbox 272 566 1482 649; baseline -0.002 -17"><span class='ocrx_word' id='word_1_2' title='bbox 272 568 410 632; x_wconf 89' lang='lat' dir='ltr'>omnium</span> <span class='ocrx_word' id='word_1_3' title='bbox 433 570 607 649; x_wconf 88' lang='lat' dir='ltr'>temporum</span> <span class='ocrx_word' id='word_1_4' title='bbox 636 568 746 631; x_wconf 82' lang='lat' dir='ltr'>honore</span> <span class='ocrx_word' id='word_1_5' title='bbox 770 568 869 641; x_wconf 80' lang='lat' dir='ltr'>tuerit,</span> <span class='ocrx_word' id='word_1_6' title='bbox 901 571 1054 649; x_wconf 91' lang='lat' dir='ltr'>quantum</span> <span class='ocrx_word' id='word_1_7' title='bbox 1077 569 1109 634; x_wconf 86' lang='lat' dir='ltr'>L.</span> <span class='ocrx_word' id='word_1_8' title='bbox 1133 567 1283 631; x_wconf 75' lang='lat' dir='ltr'>Caecilius</span> <span class='ocrx_word' id='word_1_9' title='bbox 1308 566 1482 629; x_wconf 83' lang='lat' dir='ltr'>Firmianus</span> 
     </span>
     <span class='ocr_line' id='line_1_3' title="bbox 274 673 1487 756; baseline -0.002 -18"><span class='ocrx_word' id='word_1_10' title='bbox 274 674 456 738; x_wconf 89' lang='lat' dir='ltr'>Lactantius</span> <span class='ocrx_word' id='word_1_11' title='bbox 488 673 546 737; x_wconf 84' lang='lat' dir='ltr'>sibi</span> <span class='ocrx_word' id='word_1_12' title='bbox 579 674 767 756; x_wconf 89' lang='lat' dir='ltr'>comparavit</span> <span class='ocrx_word' id='word_1_13' title='bbox 801 674 882 756; x_wconf 89' lang='lat' dir='ltr'>apud</span> <span class='ocrx_word' id='word_1_14' title='bbox 912 675 1052 738; x_wconf 89' lang='lat' dir='ltr'>homiues</span> <span class='ocrx_word' id='word_1_15' title='bbox 1089 675 1247 747; x_wconf 76' lang='lat' dir='ltr'>litteratos</span> <span class='ocrx_word' id='word_1_16' title='bbox 1277 673 1390 754; x_wconf 89' lang='lat' dir='ltr'>quibus</span> <span class='ocrx_word' id='word_1_17' title='bbox 1419 692 1487 736; x_wconf 91' lang='lat' dir='ltr'>con-</span> 
     </span>
     <span class='ocr_line' id='line_1_4' title="bbox 275 778 1488 861; baseline -0.002 -18"><span class='ocrx_word' id='word_1_18' title='bbox 275 780 405 843; x_wconf 81' lang='lat' dir='ltr'>cinnitas</span> <span class='ocrx_word' id='word_1_19' title='bbox 429 780 585 856; x_wconf 79' lang='lat' dir='ltr'>sermonis,</span> <span class='ocrx_word' id='word_1_20' title='bbox 616 783 700 844; x_wconf 90' lang='lat' dir='ltr'>recta</span> <span class='ocrx_word' id='word_1_21' title='bbox 722 781 884 844; x_wconf 84' lang='lat' dir='ltr'>verborum</span> <span class='ocrx_word' id='word_1_22' title='bbox 908 780 1107 843; x_wconf 78' lang='lat' dir='ltr'><strong>conformatio</strong></span> <span class='ocrx_word' id='word_1_23' title='bbox 1130 779 1306 861; x_wconf 82' lang='lat' dir='ltr'>permagnis</span> <span class='ocrx_word' id='word_1_24' title='bbox 1336 782 1409 841; x_wconf 92' lang='lat' dir='ltr'>sunt</span> <span class='ocrx_word' id='word_1_25' title='bbox 1437 778 1488 841; x_wconf 89' lang='lat' dir='ltr'>de-</span> 
     </span>
     <span class='ocr_line' id='line_1_5' title="bbox 274 884 1487 965; baseline -0.002 -16"><span class='ocrx_word' id='word_1_26' title='bbox 274 886 361 950; x_wconf 90' lang='lat' dir='ltr'>liciis.</span> <span class='ocrx_word' id='word_1_27' title='bbox 410 885 498 965; x_wconf 79' lang='lat' dir='ltr'>Quod</span> <span class='ocrx_word' id='word_1_28' title='bbox 513 904 621 949; x_wconf 82' lang='lat' dir='ltr'>verum</span> <span class='ocrx_word' id='word_1_29' title='bbox 639 905 705 950; x_wconf 88' lang='lat' dir='ltr'>csse</span> <span class='ocrx_word' id='word_1_30' title='bbox 721 886 889 950; x_wconf 88' lang='lat' dir='ltr'>multitudo</span> <span class='ocrx_word' id='word_1_31' title='bbox 905 890 937 950; x_wconf 89' lang='lat' dir='ltr'>ct</span> <span class='ocrx_word' id='word_1_32' title='bbox 951 886 1091 950; x_wconf 89' lang='lat' dir='ltr'>codicum</span> <span class='ocrx_word' id='word_1_33' title='bbox 1108 890 1139 950; x_wconf 87' lang='lat' dir='ltr'>at</span> <span class='ocrx_word' id='word_1_34' title='bbox 1161 884 1331 949; x_wconf 88' lang='lat' dir='ltr'>editionum</span> <span class='ocrx_word' id='word_1_35' title='bbox 1347 888 1487 949; x_wconf 88' lang='lat' dir='ltr'>testatur.</span> 
     </span>
     <span class='ocr_line' id='line_1_6' title="bbox 274 990 1488 1075; baseline -0.002 -21"><span class='ocrx_word' id='word_1_36' title='bbox 274 992 368 1056; x_wconf 89' lang='lat' dir='ltr'>Multi</span> <span class='ocrx_word' id='word_1_37' title='bbox 390 993 474 1056; x_wconf 90' lang='lat' dir='ltr'>enim</span> <span class='ocrx_word' id='word_1_38' title='bbox 497 992 553 1054; x_wconf 86' lang='lat' dir='ltr'>viri</span> <span class='ocrx_word' id='word_1_39' title='bbox 577 993 643 1056; x_wconf 92' lang='lat' dir='ltr'>eius</span> <span class='ocrx_word' id='word_1_40' title='bbox 666 992 808 1074; x_wconf 86' lang='lat' dir='ltr'>operibus</span> <span class='ocrx_word' id='word_1_41' title='bbox 832 992 970 1055; x_wconf 88' lang='lat' dir='ltr'>studium</span> <span class='ocrx_word' id='word_1_42' title='bbox 994 996 1025 1055; x_wconf 91' lang='lat' dir='ltr'>et</span> <span class='ocrx_word' id='word_1_43' title='bbox 1047 1011 1168 1075; x_wconf 89' lang='lat' dir='ltr'>operam</span> <span class='ocrx_word' id='word_1_44' title='bbox 1186 991 1340 1055; x_wconf 81' lang='lat' dir='ltr'>dedebant</span> <span class='ocrx_word' id='word_1_45' title='bbox 1363 990 1488 1072; x_wconf 77' lang='lat' dir='ltr'>scripto</span> 
     </span>
     <span class='ocr_line' id='line_1_7' title="bbox 274 1096 1488 1179; baseline -0.001 -20"><span class='ocrx_word' id='word_1_46' title='bbox 274 1116 398 1179; x_wconf 89' lang='lat' dir='ltr'>remque</span> <span class='ocrx_word' id='word_1_47' title='bbox 434 1098 565 1161; x_wconf 89' lang='lat' dir='ltr'>summis</span> <span class='ocrx_word' id='word_1_48' title='bbox 609 1097 753 1161; x_wconf 90' lang='lat' dir='ltr'>laudibus</span> <span class='ocrx_word' id='word_1_49' title='bbox 789 1098 949 1162; x_wconf 86' lang='lat' dir='ltr'>efferentes</span> <span class='ocrx_word' id='word_1_50' title='bbox 983 1098 1105 1161; x_wconf 90' lang='lat' dir='ltr'>nomine</span> <span class='ocrx_word' id='word_1_51' title='bbox 1140 1096 1293 1162; x_wconf 85' lang='lat' dir='ltr'>Ciceronis</span> <span class='ocrx_word' id='word_1_52' title='bbox 1328 1096 1488 1160; x_wconf 86' lang='lat' dir='ltr'>christiani</span> 
     </span>
     <span class='ocr_line' id='line_1_8' title="bbox 274 1202 1489 1287; baseline -0.001 -20"><span class='ocrx_word' id='word_1_53' title='bbox 274 1204 402 1284; x_wconf 85' lang='lat' dir='ltr'>dignum</span> <span class='ocrx_word' id='word_1_54' title='bbox 426 1205 585 1287; x_wconf 88' lang='lat' dir='ltr'>putabant.</span> <span class='ocrx_word' id='word_1_55' title='bbox 631 1202 700 1268; x_wconf 91' lang='lat' dir='ltr'>Iam</span> <span class='ocrx_word' id='word_1_56' title='bbox 717 1204 952 1285; x_wconf 77' lang='lat' dir='ltr'>Hieronymna1</span> <span class='ocrx_word' id='word_1_57' title='bbox 968 1203 1109 1285; x_wconf 88' lang='lat' dir='ltr'>quamvis</span> <span class='ocrx_word' id='word_1_58' title='bbox 1125 1202 1252 1266; x_wconf 92' lang='lat' dir='ltr'>docendi</span> <span class='ocrx_word' id='word_1_59' title='bbox 1273 1202 1357 1266; x_wconf 90' lang='lat' dir='ltr'>illius</span> <span class='ocrx_word' id='word_1_60' title='bbox 1372 1203 1489 1266; x_wconf 87' lang='lat' dir='ltr'>ratione</span> 
     </span>
     <span class='ocr_line' id='line_1_9' title="bbox 273 1308 1488 1393; baseline -0.002 -20"><span class='ocrx_word' id='word_1_61' title='bbox 273 1328 334 1373; x_wconf 92' lang='lat' dir='ltr'>non</span> <span class='ocrx_word' id='word_1_62' title='bbox 358 1314 440 1373; x_wconf 87' lang='lat' dir='ltr'>essct</span> <span class='ocrx_word' id='word_1_63' title='bbox 462 1312 633 1384; x_wconf 86' lang='lat' dir='ltr'>contentus,</span> <span class='ocrx_word' id='word_1_64' title='bbox 656 1313 762 1373; x_wconf 88' lang='lat' dir='ltr'>tamen</span> <span class='ocrx_word' id='word_1_65' title='bbox 786 1310 978 1393; x_wconf 81' lang='lat' dir='ltr'>eloquentiae</span> <span class='ocrx_word' id='word_1_66' title='bbox 1002 1327 1159 1372; x_wconf 88' lang='lat' dir='ltr'>summam</span> <span class='ocrx_word' id='word_1_67' title='bbox 1182 1308 1306 1372; x_wconf 90' lang='lat' dir='ltr'>laudem</span> <span class='ocrx_word' id='word_1_68' title='bbox 1330 1308 1488 1371; x_wconf 79' lang='lat' dir='ltr'>attribuit:</span> 
     </span>
     <span class='ocr_line' id='line_1_10' title="bbox 273 1412 1489 1497; baseline -0.002 -18"><span class='ocrx_word' id='word_1_69' title='bbox 273 1414 470 1489; x_wconf 80' lang='lat' dir='ltr'>Lactantius,</span> <span class='ocrx_word' id='word_1_70' title='bbox 510 1417 621 1497; x_wconf 84' lang='lat' dir='ltr'>inquit,</span> <span class='ocrx_word' id='word_1_71' title='bbox 651 1418 745 1496; x_wconf 84' lang='lat' dir='ltr'>quasi</span> <span class='ocrx_word' id='word_1_72' title='bbox 781 1416 911 1497; x_wconf 83' lang='lat' dir='ltr'>quidam</span> <span class='ocrx_word' id='word_1_73' title='bbox 945 1414 1062 1494; x_wconf 69' lang='lat' dir='ltr'>fluvius</span> <span class='ocrx_word' id='word_1_74' title='bbox 1097 1413 1284 1495; x_wconf 65' lang='lat' dir='ltr'>eloquentiae</span> <span class='ocrx_word' id='word_1_75' title='bbox 1314 1412 1489 1490; x_wconf 73' lang='lat' dir='ltr'>Tullianae,</span> 
     </span>
     <span class='ocr_line' id='line_1_11' title="bbox 272 1520 1489 1601; baseline -0.002 -17"><span class='ocrx_word' id='word_1_76' title='bbox 272 1522 397 1586; x_wconf 75' lang='lat' dir='ltr'>utinam</span> <span class='ocrx_word' id='word_1_77' title='bbox 419 1526 483 1586; x_wconf 67' lang='lat' dir='ltr'>aaa</span> <span class='ocrx_word' id='word_1_78' title='bbox 505 1526 613 1585; x_wconf 78' lang='lat' dir='ltr'>nostra</span> <span class='ocrx_word' id='word_1_79' title='bbox 628 1522 799 1601; x_wconf 77' lang='lat' dir='ltr'>adfirmare</span> <span class='ocrx_word' id='word_1_80' title='bbox 817 1523 971 1601; x_wconf 77' lang='lat' dir='ltr'>potuisset</span> <span class='ocrx_word' id='word_1_81' title='bbox 984 1542 1078 1601; x_wconf 86' lang='lat' dir='ltr'>quam</span> <span class='ocrx_word' id='word_1_82' title='bbox 1093 1520 1184 1600; x_wconf 76' lang='lat' dir='ltr'>facile</span> <span class='ocrx_word' id='word_1_83' title='bbox 1205 1520 1311 1584; x_wconf 77' lang='lat' dir='ltr'>alterna</span> <span class='ocrx_word' id='word_1_84' title='bbox 1326 1520 1489 1583; x_wconf 75' lang='lat' dir='ltr'>destruxit.</span> 
     </span>
     <span class='ocr_line' id='line_1_12' title="bbox 274 1625 1492 1711; baseline -0.002 -20"><span class='ocrx_word' id='word_1_85' title='bbox 274 1626 314 1692; x_wconf 82' lang='lat' dir='ltr'>Et</span> <span class='ocrx_word' id='word_1_86' title='bbox 343 1628 415 1692; x_wconf 90' lang='lat' dir='ltr'>inde</span> <span class='ocrx_word' id='word_1_87' title='bbox 447 1628 485 1691; x_wconf 91' lang='lat' dir='ltr'>ab</span> <span class='ocrx_word' id='word_1_88' title='bbox 509 1628 690 1709; x_wconf 89' lang='lat' dir='ltr'>Hieronymi</span> <span class='ocrx_word' id='word_1_89' title='bbox 720 1628 909 1711; x_wconf 87' lang='lat' dir='ltr'>temporibus</span> <span class='ocrx_word' id='word_1_90' title='bbox 937 1647 1050 1691; x_wconf 91' lang='lat' dir='ltr'>nomen</span> <span class='ocrx_word' id='word_1_91' title='bbox 1074 1625 1226 1691; x_wconf 82' lang='lat' dir='ltr'>Ciceronis</span> <span class='ocrx_word' id='word_1_92' title='bbox 1255 1626 1415 1691; x_wconf 89' lang='lat' dir='ltr'>christiani</span> <span class='ocrx_word' id='word_1_93' title='bbox 1443 1629 1492 1689; x_wconf 83' lang='lat' dir='ltr'>rel</span> 
     </span>
     <span class='ocr_line' id='line_1_13' title="bbox 274 1733 1493 1817; baseline -0.002 -20"><span class='ocrx_word' id='word_1_94' title='bbox 274 1734 372 1799; x_wconf 90' lang='lat' dir='ltr'>simile</span> <span class='ocrx_word' id='word_1_95' title='bbox 400 1734 444 1796; x_wconf 90' lang='lat' dir='ltr'>illi</span> <span class='ocrx_word' id='word_1_96' title='bbox 473 1734 568 1797; x_wconf 87' lang='lat' dir='ltr'>fuisse</span> <span class='ocrx_word' id='word_1_97' title='bbox 600 1754 636 1799; x_wconf 84' lang='lat' dir='ltr'>ex</span> <span class='ocrx_word' id='word_1_98' title='bbox 666 1735 850 1798; x_wconf 90' lang='lat' dir='ltr'>testimoniis</span> <span class='ocrx_word' id='word_1_99' title='bbox 881 1738 1007 1817; x_wconf 88' lang='lat' dir='ltr'>apparet</span> <span class='ocrx_word' id='word_1_100' title='bbox 1034 1752 1112 1815; x_wconf 87' lang='lat' dir='ltr'>quae</span> <span class='ocrx_word' id='word_1_101' title='bbox 1136 1733 1377 1798; x_wconf 89' lang='lat' dir='ltr'>Buenemannus</span> <span class='ocrx_word' id='word_1_102' title='bbox 1409 1751 1493 1796; x_wconf 92' lang='lat' dir='ltr'>com-</span> 
     </span>
     <span class='ocr_line' id='line_1_14' title="bbox 272 1839 1491 1922; baseline 0 -19"><span class='ocrx_word' id='word_1_103' title='bbox 272 1842 428 1904; x_wconf 87' lang='lat' dir='ltr'>mentator</span> <span class='ocrx_word' id='word_1_104' title='bbox 451 1840 500 1905; x_wconf 93' lang='lat' dir='ltr'>ille</span> <span class='ocrx_word' id='word_1_105' title='bbox 516 1839 714 1903; x_wconf 91' lang='lat' dir='ltr'>doctissimus</span> <span class='ocrx_word' id='word_1_106' title='bbox 737 1842 769 1904; x_wconf 92' lang='lat' dir='ltr'>in</span> <span class='ocrx_word' id='word_1_107' title='bbox 794 1841 924 1906; x_wconf 89' lang='lat' dir='ltr'>editione</span> <span class='ocrx_word' id='word_1_108' title='bbox 941 1860 998 1903; x_wconf 89' lang='lat' dir='ltr'>sua</span> <span class='ocrx_word' id='word_1_109' title='bbox 1013 1839 1173 1922; x_wconf 87' lang='lat' dir='ltr'>praefandi</span> <span class='ocrx_word' id='word_1_110' title='bbox 1194 1857 1289 1903; x_wconf 89' lang='lat' dir='ltr'>causa</span> <span class='ocrx_word' id='word_1_111' title='bbox 1304 1839 1491 1920; x_wconf 79' lang='lat' dir='ltr'>composuit:</span> 
     </span>
     <span class='ocr_line' id='line_1_15' title="bbox 273 1945 1494 2028; baseline -0.002 -18"><span class='ocrx_word' id='word_1_112' title='bbox 273 1966 310 2011; x_wconf 84' lang='lat' dir='ltr'>ex</span> <span class='ocrx_word' id='word_1_113' title='bbox 340 1947 454 2028; x_wconf 91' lang='lat' dir='ltr'>quibus</span> <span class='ocrx_word' id='word_1_114' title='bbox 485 1947 541 2009; x_wconf 93' lang='lat' dir='ltr'>hoc</span> <span class='ocrx_word' id='word_1_115' title='bbox 570 1966 669 2010; x_wconf 89' lang='lat' dir='ltr'>unum</span> <span class='ocrx_word' id='word_1_116' title='bbox 700 1946 836 2021; x_wconf 84' lang='lat' dir='ltr'>afferam,</span> <span class='ocrx_word' id='word_1_117' title='bbox 869 1947 949 2028; x_wconf 92' lang='lat' dir='ltr'>quod</span> <span class='ocrx_word' id='word_1_118' title='bbox 979 1950 1026 2010; x_wconf 91' lang='lat' dir='ltr'>est</span> <span class='ocrx_word' id='word_1_119' title='bbox 1048 1946 1254 2010; x_wconf 86' lang='lat' dir='ltr'>uberrimum:</span> <span class='ocrx_word' id='word_1_120' title='bbox 1303 1946 1382 2025; x_wconf 73' lang='lat' dir='ltr'>Quis</span> <span class='ocrx_word' id='word_1_121' title='bbox 1404 1945 1494 2023; x_wconf 78' lang='lat' dir='ltr'>apud</span> 
     </span>
     <span class='ocr_line' id='line_1_16' title="bbox 273 2048 1494 2144; baseline -0.002 -30"><span class='ocrx_word' id='word_1_122' title='bbox 273 2071 331 2115; x_wconf 87' lang='lat' dir='ltr'>nos</span> <span class='ocrx_word' id='word_1_123' title='bbox 353 2072 417 2116; x_wconf 90' lang='lat' dir='ltr'>nou</span> <span class='ocrx_word' id='word_1_124' title='bbox 440 2052 544 2116; x_wconf 81' lang='lat' dir='ltr'>uideat</span> <span class='ocrx_word' id='word_1_125' title='bbox 573 2072 639 2115; x_wconf 86' lang='lat' dir='ltr'>esse</span> <span class='ocrx_word' id='word_1_126' title='bbox 666 2050 850 2130; x_wconf 78' lang='lat' dir='ltr'>Ciceronem,</span> <span class='ocrx_word' id='word_1_127' title='bbox 883 2052 938 2115; x_wconf 86' lang='lat' dir='ltr'>sed</span> <span class='ocrx_word' id='word_1_128' title='bbox 967 2051 1173 2144; x_wconf 73' lang='lat' dir='ltr'>christianum</span> <span class='ocrx_word' id='word_1_129' title='bbox 1202 2050 1256 2115; x_wconf 82' lang='lat' dir='ltr'>boe</span> <span class='ocrx_word' id='word_1_130' title='bbox 1284 2055 1331 2114; x_wconf 90' lang='lat' dir='ltr'>est</span> <span class='ocrx_word' id='word_1_131' title='bbox 1358 2048 1494 2130; x_wconf 83' lang='lat' dir='ltr'>aliquem</span> 
     </span>
     <span class='ocr_line' id='line_1_17' title="bbox 273 2156 1494 2240; baseline 0.001 -20"><span class='ocrx_word' id='word_1_132' title='bbox 273 2160 328 2239; x_wconf 84' lang='lat' dir='ltr'>qui</span> <span class='ocrx_word' id='word_1_133' title='bbox 357 2179 427 2223; x_wconf 81' lang='lat' dir='ltr'>eune</span> <span class='ocrx_word' id='word_1_134' title='bbox 455 2158 499 2221; x_wconf 81' lang='lat' dir='ltr'>ael</span> <span class='ocrx_word' id='word_1_135' title='bbox 528 2157 643 2223; x_wconf 75' lang='lat' dir='ltr'>lineata</span> <span class='ocrx_word' id='word_1_136' title='bbox 670 2178 863 2240; x_wconf 76' lang='lat' dir='ltr'>unqueanque</span> <span class='ocrx_word' id='word_1_137' title='bbox 891 2156 1101 2238; x_wconf 77' lang='lat' dir='ltr'>enpnesserlt?</span> <span class='ocrx_word' id='word_1_138' title='bbox 1134 2159 1207 2238; x_wconf 81' lang='lat' dir='ltr'>quis</span> <span class='ocrx_word' id='word_1_139' title='bbox 1235 2160 1317 2221; x_wconf 85' lang='lat' dir='ltr'>enine</span> <span class='ocrx_word' id='word_1_140' title='bbox 1348 2176 1411 2221; x_wconf 86' lang='lat' dir='ltr'>nen</span> <span class='ocrx_word' id='word_1_141' title='bbox 1435 2158 1494 2221; x_wconf 82' lang='lat' dir='ltr'>ad-</span> 
     </span>
     <span class='ocr_line' id='line_1_18' title="bbox 273 2250 1493 2345; baseline 0 -20"><span class='ocrx_word' id='word_1_142' title='bbox 273 2265 362 2328; x_wconf 76' lang='lat' dir='ltr'>uertit</span> <span class='ocrx_word' id='word_1_143' title='bbox 376 2262 579 2329; x_wconf 81' lang='lat' dir='ltr'>Luctantlunu</span> <span class='ocrx_word' id='word_1_144' title='bbox 602 2262 806 2329; x_wconf 62' lang='lat' dir='ltr'>Halicanum</span> <span class='ocrx_word' id='word_1_145' title='bbox 828 2284 981 2345; x_wconf 82' lang='lat' dir='ltr'>aequasse</span> <span class='ocrx_word' id='word_1_146' title='bbox 1003 2266 1106 2344; x_wconf 62' lang='lat' dir='ltr'>nsunt</span> <span class='ocrx_word' id='word_1_147' title='bbox 1128 2268 1158 2327; x_wconf 91' lang='lat' dir='ltr'>et</span> <span class='ocrx_word' id='word_1_148' title='bbox 1177 2263 1254 2344; x_wconf 82' lang='lat' dir='ltr'>sorte</span> <span class='ocrx_word' id='word_1_149' title='bbox 1270 2250 1493 2343; x_wconf 68' lang='lat' dir='ltr'>laeeeellnesse</span> 
     </span>
     <span class='ocr_line' id='line_1_19' title="bbox 275 2368 1495 2451; baseline -0.002 -18"><span class='ocrx_word' id='word_1_150' title='bbox 275 2371 311 2433; x_wconf 82' lang='lat' dir='ltr'>in</span> <span class='ocrx_word' id='word_1_151' title='bbox 345 2369 536 2451; x_wconf 80' lang='lat' dir='ltr'>eloquendo?</span> <span class='ocrx_word' id='word_1_152' title='bbox 588 2370 652 2435; x_wconf 89' lang='lat' dir='ltr'>Nec</span> <span class='ocrx_word' id='word_1_153' title='bbox 687 2370 834 2435; x_wconf 88' lang='lat' dir='ltr'>dissimile</span> <span class='ocrx_word' id='word_1_154' title='bbox 867 2371 927 2434; x_wconf 89' lang='lat' dir='ltr'>fnit</span> <span class='ocrx_word' id='word_1_155' title='bbox 966 2370 1116 2434; x_wconf 89' lang='lat' dir='ltr'>iudicium</span> <span class='ocrx_word' id='word_1_156' title='bbox 1149 2370 1300 2445; x_wconf 75' lang='lat' dir='ltr'>Kreusii‚2</span> <span class='ocrx_word' id='word_1_157' title='bbox 1333 2368 1495 2433; x_wconf 79' lang='lat' dir='ltr'>Walchii.3</span> 
     </span>
     <span class='ocr_line' id='line_1_20' title="bbox 274 2470 1495 2565; baseline 0 -26"><span class='ocrx_word' id='word_1_158' title='bbox 274 2476 409 2541; x_wconf 81' lang='lat' dir='ltr'>Maxime</span> <span class='ocrx_word' id='word_1_159' title='bbox 433 2481 539 2541; x_wconf 88' lang='lat' dir='ltr'>autem</span> <span class='ocrx_word' id='word_1_160' title='bbox 563 2476 787 2542; x_wconf 89' lang='lat' dir='ltr'>Buenemanno</span> <span class='ocrx_word' id='word_1_161' title='bbox 809 2477 867 2565; x_wconf 89' lang='lat' dir='ltr'>ipsi</span> <span class='ocrx_word' id='word_1_162' title='bbox 883 2475 1066 2542; x_wconf 89' lang='lat' dir='ltr'>Lactantius</span> <span class='ocrx_word' id='word_1_163' title='bbox 1089 2495 1199 2540; x_wconf 90' lang='lat' dir='ltr'>nornen</span> <span class='ocrx_word' id='word_1_164' title='bbox 1216 2474 1369 2540; x_wconf 90' lang='lat' dir='ltr'>Ciceronis</span> <span class='ocrx_word' id='word_1_165' title='bbox 1393 2470 1495 2549; x_wconf 80' lang='lat' dir='ltr'>debet,</span> 
     </span>
     <span class='ocr_line' id='line_1_21' title="bbox 275 2581 1492 2666; baseline 0 -21"><span class='ocrx_word' id='word_1_166' title='bbox 275 2582 385 2666; x_wconf 91' lang='lat' dir='ltr'>quippe</span> <span class='ocrx_word' id='word_1_167' title='bbox 421 2583 474 2665; x_wconf 90' lang='lat' dir='ltr'>qui</span> <span class='ocrx_word' id='word_1_168' title='bbox 510 2584 679 2666; x_wconf 88' lang='lat' dir='ltr'>permultos</span> <span class='ocrx_word' id='word_1_169' title='bbox 716 2583 797 2647; x_wconf 88' lang='lat' dir='ltr'>locos</span> <span class='ocrx_word' id='word_1_170' title='bbox 832 2583 962 2657; x_wconf 86' lang='lat' dir='ltr'>adferat,</span> <span class='ocrx_word' id='word_1_171' title='bbox 1006 2584 1118 2665; x_wconf 89' lang='lat' dir='ltr'>quibus</span> <span class='ocrx_word' id='word_1_172' title='bbox 1154 2581 1256 2647; x_wconf 89' lang='lat' dir='ltr'>Cicero</span> <span class='ocrx_word' id='word_1_173' title='bbox 1301 2582 1492 2647; x_wconf 86' lang='lat' dir='ltr'>christianus</span> 
     </span>
     <span class='ocr_line' id='line_1_22' title="bbox 274 2687 1496 2771; baseline 0 -20"><span class='ocrx_word' id='word_1_174' title='bbox 274 2688 499 2753; x_wconf 84' lang='lat' dir='ltr'>manifestetur.</span> <span class='ocrx_word' id='word_1_175' title='bbox 555 2688 638 2768; x_wconf 85' lang='lat' dir='ltr'>Quos</span> <span class='ocrx_word' id='word_1_176' title='bbox 679 2690 776 2753; x_wconf 90' lang='lat' dir='ltr'>secuti</span> <span class='ocrx_word' id='word_1_177' title='bbox 812 2689 987 2771; x_wconf 90' lang='lat' dir='ltr'>quicunque</span> <span class='ocrx_word' id='word_1_178' title='bbox 1028 2690 1065 2753; x_wconf 92' lang='lat' dir='ltr'>de</span> <span class='ocrx_word' id='word_1_179' title='bbox 1098 2687 1263 2752; x_wconf 90' lang='lat' dir='ltr'>Lactantio</span> <span class='ocrx_word' id='word_1_180' title='bbox 1305 2688 1496 2770; x_wconf 84' lang='lat' dir='ltr'>scripserunt</span> 
     </span>
     <span class='ocr_line' id='line_1_23' title="bbox 276 2794 1497 2877; baseline 0.001 -20"><span class='ocrx_word' id='word_1_181' title='bbox 276 2814 348 2858; x_wconf 92' lang='lat' dir='ltr'>eum</span> <span class='ocrx_word' id='word_1_182' title='bbox 376 2796 498 2859; x_wconf 88' lang='lat' dir='ltr'>nomine</span> <span class='ocrx_word' id='word_1_183' title='bbox 523 2794 676 2859; x_wconf 87' lang='lat' dir='ltr'>Ciceronis</span> <span class='ocrx_word' id='word_1_184' title='bbox 706 2796 867 2859; x_wconf 88' lang='lat' dir='ltr'>christiani</span> <span class='ocrx_word' id='word_1_185' title='bbox 896 2799 1051 2861; x_wconf 84' lang='lat' dir='ltr'>exornant.</span> <span class='ocrx_word' id='word_1_186' title='bbox 1105 2795 1145 2858; x_wconf 80' lang='lat' dir='ltr'>Et</span> <span class='ocrx_word' id='word_1_187' title='bbox 1174 2795 1314 2877; x_wconf 80' lang='lat' dir='ltr'>protecto,</span> <span class='ocrx_word' id='word_1_188' title='bbox 1345 2796 1372 2858; x_wconf 91' lang='lat' dir='ltr'>si</span> <span class='ocrx_word' id='word_1_189' title='bbox 1403 2814 1497 2877; x_wconf 89' lang='lat' dir='ltr'>opera</span> 
     </span>
     <span class='ocr_line' id='line_1_24' title="bbox 275 2900 1498 2983; baseline -0.001 -19"><span class='ocrx_word' id='word_1_190' title='bbox 275 2901 446 2982; x_wconf 75' lang='lat' dir='ltr'>perlegeris,</span> <span class='ocrx_word' id='word_1_191' title='bbox 487 2920 557 2965; x_wconf 88' lang='lat' dir='ltr'>eurn</span> <span class='ocrx_word' id='word_1_192' title='bbox 589 2919 704 2981; x_wconf 84' lang='lat' dir='ltr'>magna</span> <span class='ocrx_word' id='word_1_193' title='bbox 739 2920 812 2965; x_wconf 91' lang='lat' dir='ltr'>cum</span> <span class='ocrx_word' id='word_1_194' title='bbox 842 2901 1003 2983; x_wconf 84' lang='lat' dir='ltr'>diligentia</span> <span class='ocrx_word' id='word_1_195' title='bbox 1034 2905 1070 2965; x_wconf 90' lang='lat' dir='ltr'>ut</span> <span class='ocrx_word' id='word_1_196' title='bbox 1101 2900 1281 2965; x_wconf 88' lang='lat' dir='ltr'>Ciceronem</span> <span class='ocrx_word' id='word_1_197' title='bbox 1320 2900 1498 2965; x_wconf 85' lang='lat' dir='ltr'>imitaretur</span> 
     </span>
     <span class='ocr_line' id='line_1_25' title="bbox 276 2993 1497 3090; baseline 0 -20"><span class='ocrx_word' id='word_1_198' title='bbox 276 3007 432 3071; x_wconf 87' lang='lat' dir='ltr'>studuisse</span> <span class='ocrx_word' id='word_1_199' title='bbox 455 3007 610 3071; x_wconf 88' lang='lat' dir='ltr'>concedes.</span> <span class='ocrx_word' id='word_1_200' title='bbox 657 2993 816 3071; x_wconf 86' lang='lat' dir='ltr'>Invenitur</span> <span class='ocrx_word' id='word_1_201' title='bbox 839 3009 921 3071; x_wconf 89' lang='lat' dir='ltr'>enirn</span> <span class='ocrx_word' id='word_1_202' title='bbox 946 3008 1027 3090; x_wconf 90' lang='lat' dir='ltr'>apud</span> <span class='ocrx_word' id='word_1_203' title='bbox 1051 3026 1122 3072; x_wconf 87' lang='lat' dir='ltr'>curn</span> <span class='ocrx_word' id='word_1_204' title='bbox 1146 3008 1253 3070; x_wconf 90' lang='lat' dir='ltr'>eadem</span> <span class='ocrx_word' id='word_1_205' title='bbox 1276 3006 1339 3072; x_wconf 89' lang='lat' dir='ltr'>fere</span> <span class='ocrx_word' id='word_1_206' title='bbox 1361 3006 1497 3071; x_wconf 89' lang='lat' dir='ltr'>facultas</span> 
     </span>
     <span class='ocr_line' id='line_1_26' title="bbox 276 3112 572 3195; baseline 0.01 -20"><span class='ocrx_word' id='word_1_207' title='bbox 276 3131 312 3175; x_wconf 90' lang='lat' dir='ltr'>ac</span> <span class='ocrx_word' id='word_1_208' title='bbox 335 3112 420 3195; x_wconf 89' lang='lat' dir='ltr'>copia</span> <span class='ocrx_word' id='word_1_209' title='bbox 443 3112 572 3178; x_wconf 91' lang='lat' dir='ltr'>dicendi.</span> 
     </span>
    </p>
   </div>
   <div class='ocr_carea' id='block_1_2' title="bbox 274 3253 1539 3972">
    <p class='ocr_par' dir='ltr' id='par_1_3' title="bbox 274 3253 1539 3972">
     <span class='ocr_line' id='line_1_27' title="bbox 382 3253 1539 3335; baseline 0 -18"><span class='ocrx_word' id='word_1_210' title='bbox 382 3257 410 3318; x_wconf 86' lang='lat'>3.</span> <span class='ocrx_word' id='word_1_211' title='bbox 446 3253 532 3333; x_wconf 82' lang='lat' dir='ltr'>Quae</span> <span class='ocrx_word' id='word_1_212' title='bbox 563 3274 635 3318; x_wconf 91' lang='lat' dir='ltr'>oum</span> <span class='ocrx_word' id='word_1_213' title='bbox 665 3256 709 3319; x_wconf 89' lang='lat' dir='ltr'>ita</span> <span class='ocrx_word' id='word_1_214' title='bbox 733 3256 805 3329; x_wconf 84' lang='lat' dir='ltr'>sint,</span> <span class='ocrx_word' id='word_1_215' title='bbox 834 3256 951 3317; x_wconf 91' lang='lat' dir='ltr'>mirum</span> <span class='ocrx_word' id='word_1_216' title='bbox 980 3254 1108 3317; x_wconf 86' lang='lat' dir='ltr'>tortasse</span> <span class='ocrx_word' id='word_1_217' title='bbox 1131 3253 1261 3328; x_wconf 84' lang='lat' dir='ltr'>videtur,</span> <span class='ocrx_word' id='word_1_218' title='bbox 1292 3254 1372 3335; x_wconf 92' lang='lat' dir='ltr'>quod</span> <span class='ocrx_word' id='word_1_219' title='bbox 1402 3273 1499 3334; x_wconf 90' lang='lat' dir='ltr'>quae·</span> <span class='ocrx_word' id='word_1_220' title='bbox 1538 3261 1539 3268; x_wconf 78' lang='grc'>’</span> 
     </span>
     <span class='ocr_line' id='line_1_28' title="bbox 276 3359 1498 3442; baseline -0.002 -19"><span class='ocrx_word' id='word_1_221' title='bbox 276 3361 407 3424; x_wconf 90' lang='lat' dir='ltr'>stionem</span> <span class='ocrx_word' id='word_1_222' title='bbox 430 3360 467 3423; x_wconf 93' lang='lat' dir='ltr'>de</span> <span class='ocrx_word' id='word_1_223' title='bbox 498 3380 607 3441; x_wconf 86' lang='lat' dir='ltr'>genere</span> <span class='ocrx_word' id='word_1_224' title='bbox 639 3360 759 3425; x_wconf 88' lang='lat' dir='ltr'>dicendi</span> <span class='ocrx_word' id='word_1_225' title='bbox 783 3359 988 3424; x_wconf 89' lang='lat' dir='ltr'>Lactantiano</span> <span class='ocrx_word' id='word_1_226' title='bbox 1012 3364 1211 3442; x_wconf 87' lang='lat' dir='ltr'>suscepturus</span> <span class='ocrx_word' id='word_1_227' title='bbox 1243 3360 1498 3424; x_wconf 88' lang='lat' dir='ltr'>commentationi</span> 
     </span>
     <span class='ocr_line' id='line_1_29' title="bbox 275 3463 1498 3547; baseline -0.002 -18"><span class='ocrx_word' id='word_1_228' title='bbox 275 3466 402 3529; x_wconf 89' lang='lat' dir='ltr'>titulum</span> <span class='ocrx_word' id='word_1_229' title='bbox 418 3467 577 3547; x_wconf 80' lang='lat' dir='ltr'>inscripsi:</span> <span class='ocrx_word' id='word_1_230' title='bbox 603 3468 669 3547; x_wconf 76' lang='lat' dir='ltr'>Quo</span> <span class='ocrx_word' id='word_1_231' title='bbox 691 3468 760 3531; x_wconf 80' lang='lat' dir='ltr'>turc</span> <span class='ocrx_word' id='word_1_232' title='bbox 774 3465 964 3529; x_wconf 71' lang='lat' dir='ltr'>Luctameus</span> <span class='ocrx_word' id='word_1_233' title='bbox 979 3464 1145 3545; x_wconf 79' lang='lat' dir='ltr'>appelletur</span> <span class='ocrx_word' id='word_1_234' title='bbox 1165 3463 1269 3529; x_wconf 84' lang='lat' dir='ltr'>Cicero</span> <span class='ocrx_word' id='word_1_235' title='bbox 1291 3465 1498 3542; x_wconf 60' lang='lat' dir='ltr'>christanae,</span> 
     </span>
     <span class='ocr_line' id='line_1_30' title="bbox 275 3570 1499 3653; baseline -0.001 -18"><span class='ocrx_word' id='word_1_236' title='bbox 275 3573 364 3653; x_wconf 90' lang='lat' dir='ltr'>quasi</span> <span class='ocrx_word' id='word_1_237' title='bbox 394 3573 449 3634; x_wconf 91' lang='lat' dir='ltr'>ulli</span> <span class='ocrx_word' id='word_1_238' title='bbox 481 3573 664 3636; x_wconf 89' lang='lat' dir='ltr'>dubitationi</span> <span class='ocrx_word' id='word_1_239' title='bbox 695 3574 780 3636; x_wconf 90' lang='lat' dir='ltr'>locus</span> <span class='ocrx_word' id='word_1_240' title='bbox 818 3573 867 3636; x_wconf 89' lang='lat' dir='ltr'>sit.</span> <span class='ocrx_word' id='word_1_241' title='bbox 915 3572 974 3636; x_wconf 86' lang='lat' dir='ltr'>Sed</span> <span class='ocrx_word' id='word_1_242' title='bbox 1005 3590 1042 3635; x_wconf 91' lang='lat' dir='ltr'>ne</span> <span class='ocrx_word' id='word_1_243' title='bbox 1077 3571 1173 3634; x_wconf 89' lang='lat' dir='ltr'>ullam</span> <span class='ocrx_word' id='word_1_244' title='bbox 1205 3590 1224 3634; x_wconf 89' lang='lat' dir='ltr'>a</span> <span class='ocrx_word' id='word_1_245' title='bbox 1252 3591 1302 3636; x_wconf 89' lang='lat' dir='ltr'>mc</span> <span class='ocrx_word' id='word_1_246' title='bbox 1330 3570 1499 3635; x_wconf 89' lang='lat' dir='ltr'>Lactantio</span> 
     </span>
     <span class='ocr_line' id='line_1_31' title="bbox 275 3676 1499 3761; baseline -0.001 -21"><span class='ocrx_word' id='word_1_247' title='bbox 275 3678 421 3741; x_wconf 88' lang='lat' dir='ltr'>iniuriam</span> <span class='ocrx_word' id='word_1_248' title='bbox 444 3678 508 3742; x_wconf 89' lang='lat' dir='ltr'>fieri</span> <span class='ocrx_word' id='word_1_249' title='bbox 532 3683 630 3761; x_wconf 84' lang='lat' dir='ltr'>putes,</span> <span class='ocrx_word' id='word_1_250' title='bbox 655 3678 790 3759; x_wconf 87' lang='lat' dir='ltr'>primurn</span> <span class='ocrx_word' id='word_1_251' title='bbox 813 3678 1022 3743; x_wconf 89' lang='lat' dir='ltr'>animadverte</span> <span class='ocrx_word' id='word_1_252' title='bbox 1043 3677 1082 3739; x_wconf 90' lang='lat' dir='ltr'>ad</span> <span class='ocrx_word' id='word_1_253' title='bbox 1104 3676 1324 3740; x_wconf 88' lang='lat' dir='ltr'>illustrandum</span> <span class='ocrx_word' id='word_1_254' title='bbox 1339 3676 1499 3741; x_wconf 87' lang='lat' dir='ltr'>Lactantii</span> 
     </span>
     <span class='ocr_line' id='line_1_32' title="bbox 275 3781 1500 3865; baseline -0.001 -18"><span class='ocrx_word' id='word_1_255' title='bbox 275 3803 372 3864; x_wconf 85' lang='lat' dir='ltr'>genus</span> <span class='ocrx_word' id='word_1_256' title='bbox 410 3783 529 3848; x_wconf 88' lang='lat' dir='ltr'>dicendi</span> <span class='ocrx_word' id='word_1_257' title='bbox 570 3803 720 3865; x_wconf 85' lang='lat' dir='ltr'>magnum</span> <span class='ocrx_word' id='word_1_258' title='bbox 756 3784 970 3848; x_wconf 86' lang='lat' dir='ltr'>adiumentum</span> <span class='ocrx_word' id='word_1_259' title='bbox 1006 3784 1038 3845; x_wconf 89' lang='lat' dir='ltr'>in</span> <span class='ocrx_word' id='word_1_260' title='bbox 1073 3784 1298 3865; x_wconf 89' lang='lat' dir='ltr'>comparatione</span> <span class='ocrx_word' id='word_1_261' title='bbox 1339 3781 1500 3847; x_wconf 82' lang='lat' dir='ltr'>Ciceronis</span> 
     </span>
     <span class='ocr_line' id='line_1_33' title="bbox 274 3888 1500 3972; baseline -0.001 -19"><span class='ocrx_word' id='word_1_262' title='bbox 274 3891 409 3971; x_wconf 87' lang='lat' dir='ltr'>positum</span> <span class='ocrx_word' id='word_1_263' title='bbox 440 3908 523 3971; x_wconf 83' lang='lat' dir='ltr'>esse;</span> <span class='ocrx_word' id='word_1_264' title='bbox 565 3890 674 3954; x_wconf 89' lang='lat' dir='ltr'>deinde</span> <span class='ocrx_word' id='word_1_265' title='bbox 706 3893 844 3972; x_wconf 88' lang='lat' dir='ltr'>spectare</span> <span class='ocrx_word' id='word_1_266' title='bbox 878 3892 908 3955; x_wconf 90' lang='lat' dir='ltr'>te</span> <span class='ocrx_word' id='word_1_267' title='bbox 938 3890 1038 3962; x_wconf 82' lang='lat' dir='ltr'>velim,</span> <span class='ocrx_word' id='word_1_268' title='bbox 1076 3888 1149 3970; x_wconf 91' lang='lat' dir='ltr'>quid</span> <span class='ocrx_word' id='word_1_269' title='bbox 1179 3889 1256 3952; x_wconf 94' lang='lat' dir='ltr'>illud</span> <span class='ocrx_word' id='word_1_270' title='bbox 1291 3908 1406 3953; x_wconf 90' lang='lat' dir='ltr'>nomen</span> <span class='ocrx_word' id='word_1_271' title='bbox 1437 3891 1500 3953; x_wconf 91' lang='lat' dir='ltr'>sibi</span> 
     </span>
    </p>
   </div>
   <div class='ocr_carea' id='block_1_3' title="bbox 274 4084 1500 4275">
    <p class='ocr_par' dir='ltr' id='par_1_4' title="bbox 274 4084 1500 4275">
     <span class='ocr_line' id='line_1_34' title="bbox 382 4084 1500 4191; baseline -0.002 -20"><span class='ocrx_word' id='word_1_272' title='bbox 382 4122 391 4151; x_wconf 92' lang='lat'>¹</span> <span class='ocrx_word' id='word_1_273' title='bbox 410 4117 462 4173; x_wconf 87' lang='lat' dir='ltr'>Clr.</span> <span class='ocrx_word' id='word_1_274' title='bbox 482 4117 557 4186; x_wconf 88' lang='lat' dir='ltr'>Corp.</span> <span class='ocrx_word' id='word_1_275' title='bbox 578 4118 667 4186; x_wconf 83' lang='lat' dir='ltr'>script.</span> <span class='ocrx_word' id='word_1_276' title='bbox 687 4116 752 4171; x_wconf 89' lang='lat' dir='ltr'>eccl.</span> <span class='ocrx_word' id='word_1_277' title='bbox 770 4116 817 4171; x_wconf 87' lang='lat' dir='ltr'>lat.</span> <span class='ocrx_word' id='word_1_278' title='bbox 835 4116 950 4170; x_wconf 78' lang='lat' dir='ltr'>XXVII</span> <span class='ocrx_word' id='word_1_279' title='bbox 968 4134 1011 4185; x_wconf 87' lang='lat' dir='ltr'>pg.</span> <span class='ocrx_word' id='word_1_280' title='bbox 1031 4117 1080 4170; x_wconf 90' lang='grc'>161</span> <span class='ocrx_word' id='word_1_281' title='bbox 1099 4131 1156 4184; x_wconf 88' lang='lat' dir='ltr'>sqq.</span> <span class='ocrx_word' id='word_1_282' title='bbox 1177 4115 1285 4191; x_wconf 57' lang='lat' dir='ltr'>[vetera</span> <span class='ocrx_word' id='word_1_283' title='bbox 1304 4116 1337 4169; x_wconf 88' lang='lat' dir='ltr'>de</span> <span class='ocrx_word' id='word_1_284' title='bbox 1354 4084 1500 4170; x_wconf 79' lang='lat' dir='ltr'>lactantio</span> 
     </span>
     <span class='ocr_line' id='line_1_35' title="bbox 274 4198 851 4275; baseline 0 -17"><span class='ocrx_word' id='word_1_285' title='bbox 274 4198 446 4274; x_wconf 81' lang='lat' dir='ltr'>testimonia&#39;,</span> <span class='ocrx_word' id='word_1_286' title='bbox 465 4204 619 4275; x_wconf 81' lang='lat' dir='ltr'>Hieronym.</span> <span class='ocrx_word' id='word_1_287' title='bbox 639 4206 715 4274; x_wconf 86' lang='lat' dir='ltr'>epist.</span> <span class='ocrx_word' id='word_1_288' title='bbox 735 4208 778 4273; x_wconf 80' lang='lat'>58,</span> <span class='ocrx_word' id='word_1_289' title='bbox 798 4206 851 4273; x_wconf 88' lang='lat'><strong>10).</strong></span> 
     </span>
    </p>
   </div>
   <div class='ocr_carea' id='block_1_4' title="bbox 382 4310 1272 4487">
    <p class='ocr_par' dir='ltr' id='par_1_5' title="bbox 382 4310 1272 4487">
     <span class='ocr_line' id='line_1_36' title="bbox 383 4310 1111 4380; baseline -0.003 -13"><span class='ocrx_word' id='word_1_290' title='bbox 383 4316 393 4348; x_wconf 76' lang='lat'>&#39;²</span> <span class='ocrx_word' id='word_1_291' title='bbox 412 4312 463 4367; x_wconf 88' lang='lat' dir='ltr'>Clr.</span> <span class='ocrx_word' id='word_1_292' title='bbox 484 4312 622 4380; x_wconf 64' lang='lat' dir='ltr'>habaina,</span> <span class='ocrx_word' id='word_1_293' title='bbox 641 4313 673 4366; x_wconf 87' lang='lat' dir='ltr'>dc</span> <span class='ocrx_word' id='word_1_294' title='bbox 692 4311 752 4365; x_wconf 88' lang='lat' dir='ltr'>stilo</span> <span class='ocrx_word' id='word_1_295' title='bbox 771 4312 911 4367; x_wconf 76' lang='lat' dir='ltr'>Lactamfi.</span> <span class='ocrx_word' id='word_1_296' title='bbox 931 4310 1014 4365; x_wconf 87' lang='lat' dir='ltr'>Halae</span> <span class='ocrx_word' id='word_1_297' title='bbox 1034 4311 1111 4365; x_wconf 78' lang='lat'>1706.</span> 
     </span>
     <span class='ocr_line' id='line_1_37' title="bbox 382 4416 1272 4487; baseline -0.006 -14"><span class='ocrx_word' id='word_1_298' title='bbox 382 4422 393 4453; x_wconf 79' lang='lat'>³</span> <span class='ocrx_word' id='word_1_299' title='bbox 412 4418 463 4473; x_wconf 87' lang='lat' dir='ltr'>Cfr.</span> <span class='ocrx_word' id='word_1_300' title='bbox 482 4418 540 4473; x_wconf 89' lang='lat' dir='ltr'><strong>Ioh.</strong></span> <span class='ocrx_word' id='word_1_301' title='bbox 560 4418 654 4487; x_wconf 86' lang='lat' dir='ltr'>Georg.</span> <span class='ocrx_word' id='word_1_302' title='bbox 673 4416 792 4473; x_wconf 87' lang='lat' dir='ltr'>Walchii</span> <span class='ocrx_word' id='word_1_303' title='bbox 810 4418 873 4474; x_wconf 89' lang='lat' dir='ltr'>edit.</span> <span class='ocrx_word' id='word_1_304' title='bbox 892 4418 962 4487; x_wconf 86' lang='lat' dir='ltr'>Lips.</span> <span class='ocrx_word' id='word_1_305' title='bbox 984 4418 1060 4485; x_wconf 70' lang='lat'>1715,</span> <span class='ocrx_word' id='word_1_306' title='bbox 1079 4432 1137 4485; x_wconf 87' lang='lat' dir='ltr'>pag.</span> <span class='ocrx_word' id='word_1_307' title='bbox 1158 4417 1272 4471; x_wconf 77' lang='lat'>57-63.</span> 
     </span>
    </p>
   </div>
   <div class='ocr_carea' id='block_1_5' title="bbox 0 0 1566 5060">
    <p class='ocr_par' dir='ltr' id='par_1_6' title="bbox 0 0 1566 5060">
     <span class='ocr_line' id='line_1_38' title="bbox 0 0 1566 5060; baseline 0 0"><span class='ocrx_word' id='word_1_308' title='bbox 0 0 1566 5060; x_wconf 95' lang='lat' dir='ltr'> </span> 
     </span>
    </p>
   </div>
  </div>
 </body>
</html>
