3109 5067
868 354 909 415 20

877 443 990 450 ⁴4—-

868 688 908 752 ΙΙ,

722 861 794 943 De
821 862 1029 944 DatiVO.l

419 1020 455 1088 Α.
493 1021 537 1089 lle
561 1021 672 1090 dativo
696 1022 818 1092 onroou
844 1040 1009 1109 personae
1033 1024 1085 1092 vel
1110 1022 1232 1093 olvieoli
1256 1025 1353 1109 quasi

702 1145 880 1214 personam
905 1129 1065 1215 nerontis

385 1302 423 1389 a)
447 1305 570 1369 dativus
594 1310 658 1369 arte
682 1307 878 1387 ooniungitur
900 1326 972 1371 oum
995 1308 1095 1371 verbis
1119 1313 1149 1372 et
1172 1308 1339 1372 adieetivis.

388 1432 415 1494 1.
439 1429 562 1493 dativus
594 1432 798 1512 possessivus,
814 1492 817 1496 ,
835 1432 888 1514 qui
918 1432 1057 1513 sequitur
1086 1432 1215 1496 verbum
1245 1419 1344 1527 sesse'.
1406 1435 1500 1515 Apud

279 1537 476 1600 Lactantium
500 1537 576 1599 satis
600 1536 775 1618 frequenter
804 1537 892 1601 illurn
915 1538 1062 1612 invenies,
1091 1556 1213 1620 perraro
1237 1543 1342 1601 autem
1367 1540 1500 1602 verbum

278 1642 411 1706 habendi
440 1642 488 1705 vel
516 1642 703 1724 possidendi,
739 1662 818 1725 quae
848 1641 1023 1708 Oioeronem
1047 1645 1085 1707 ad
1116 1646 1272 1707 notionem
1296 1647 1501 1726 possessionis

279 1748 510 1830 exprimendam
533 1748 660 1812 minime
684 1749 861 1831 repudiasse
885 1751 1029 1815 ooostet.¹

387 1874 415 1936 2.
439 1872 560 1935 dativus
583 1872 702 1947 obiecti,
726 1873 807 1954 quod
830 1891 928 1937 unum
952 1874 1042 1938 verbo
1073 1874 1228 1938 adieotum
1256 1878 1311 1938 est.
1364 1877 1409 1938 Ao
1440 1877 1503 1957 pri-

280 1997 369 2042 mum
392 1978 515 2058 quidem
538 1978 702 2043 dioendum
725 1982 772 2043 est
795 1980 832 2044 de
857 1981 946 2044 verbo
969 1980 1168 2061 temperandi,
1199 1980 1280 2061 quod
1302 1999 1387 2044 more
1412 1980 1501 2045 Cioe·

281 2084 362 2147 ronis
386 2102 457 2147 oum
481 2082 583 2147 dativo
616 2085 811 2165 ooniungitur
839 2086 865 2149 si
896 2089 985 2149 sonat
1015 2087 1170 2182 schonau,
1194 2086 1310 2167 angelo,
1341 2075 1500 2151 mildern'.

282 2190 461 2255 Lactantius
477 2193 591 2265 autem,
615 2210 686 2254 oum
710 2191 783 2254 loeis
809 2191 850 2254 VI
876 2193 925 2267 17,
944 2192 983 2255 17
1000 2192 1165 2271 paeoniae,
1189 2191 1248 2255 Vll
1272 2194 1324 2267 21,
1350 2192 1368 2255 7
1392 2194 1501 2270 iustis,

280 2296 335 2360 ubi
364 2296 446 2359 notio
475 2296 620 2378 paroendi
650 2300 758 2372 exstet,
789 2294 966 2364 Ciceronem
990 2303 1146 2379 sequatur,
1175 2299 1243 2361 aliis
1272 2298 1345 2361 loeis
1371 2317 1502 2362 aoousa-

275 2404 379 2465 vtivum
403 2402 528 2466 adhibet
550 2402 673 2466 etiamsi
695 2404 786 2467 verbo
819 2404 863 2466 illi
877 2401 967 2468 'inest
990 2405 1036 2467 vis
1060 2405 1188 2500 tzugeln
1211 2390 1371 2468 mildem':
1396 2404 1500 2478 1111,

281 2511 453 2585 deorsam
478 2510 506 2581 5,
540 2509 583 2571 23
606 2508 754 2572 tmebros.
799 2509 961 2573 Ablativus
984 2528 1000 2573 e
1023 2510 1244 2592 praepositione
1267 2496 1328 2606 ‘ab'
1359 2511 1501 2591 pendeus

282 2618 397 2679 exstat:
427 2614 469 2677 VI
495 2616 544 2691 13,
575 2616 594 2677 3
624 2614 662 2679 ad
684 2634 781 2694 opere.
806 2651 848 2661 -
872 2615 989 2679 Deinde
1013 2616 1074 2679 huo
1106 2616 1261 2697 pertinent
1291 2617 1399 2691 verba,
1433 2618 1503 2697 qui-

281 2721 340 2785 bus
368 2721 448 2784 inest
479 2720 523 2783 vis
554 2720 722 2795 serviendi,
753 2720 888 2795 favendi,
919 2722 1054 2787 noeendi.
1101 2721 1147 2785 De
1177 2740 1308 2803 quorum
1340 2741 1400 2785 usu
1424 2721 1503 2785 Lao·

281 2827 372 2891 lentii
402 2828 478 2891 haee
502 2830 574 2889 svmt
600 2825 744 2890 dioenda:
776 2826 932 2891 Nonnulla
961 2828 1053 2891 verba
1081 2828 1282 2890 inveniuntur
1309 2846 1389 2909 quae
1417 2828 1502 2909 apud

281 2933 411 3015 optimos
432 2932 594 3013 seriptores
617 2935 673 2995 aut
695 2951 819 3014 prorsus
850 2933 963 2998 desunt
985 2937 1041 2997 aut
1062 2952 1135 2996 oum
1164 2932 1266 2997 dativo
1289 2953 1351 2996 non
1374 2934 1505 2997 ooniun-

281 3042 414 3117 guntur:
449 3038 605 3102 dominari
635 3038 718 3114 111,
749 3038 836 3116 aad,
865 3040 917 3102 oui
945 3038 1104 3102 dominari
1127 3037 1224 3113 aba:
1258 3038 1296 3102 oi
1318 3038 1334 3101 l
1356 3040 1386 3114 8,
1414 3040 1433 3101 7
1467 3042 1502 3102 ia

281 3164 377 3225 quom·
405 3143 448 3206 IV
472 3144 524 3219 24,
550 3145 590 3206 16
613 3145 649 3207 ia
672 3164 737 3222 mm·
768 3146 836 3208 vide
865 3145 959 3209 etiam
982 3163 1075 3208 usum
1098 3145 1223 3225 genitivi
1248 3165 1296 3227 pg.
1320 3146 1371 3209 35.

388 3251 592 3314 famulari:
623 3250 655 3313 ll
679 3253 708 3326 5,
732 3252 751 3314 6
775 3251 938 3315 commodis
960 3255 1051 3331 alque
1072 3250 1182 3315 asotos
1204 3250 1359 3329 lomioois;
1382 3251 1420 3315 In.
1448 3253 1504 3325 24,

284 3363 302 3421 7
327 3358 460 3439 terrenis
483 3355 707 3438 fraudibusque
729 3356 889 3437 famulari.

388 3480 678 3563 patrocinariz³
704 3481 729 3543 V
755 3483 805 3555 17,
829 3484 848 3543 2
871 3501 962 3545 oeroe
984 3481 1131 3544 iustitiae.

389 3604 494 3668 Panoa
516 3605 610 3669 verba
633 3605 793 3680 eiusmodi,
818 3624 896 3686 quae
919 3604 1003 3687 apud
1027 3604 1201 3668 Oioeronem
1225 3608 1256 3667 et
1278 3603 1422 3685 aequales
1448 3605 1505 3667 da-

282 3712 382 3775 tivum
398 3712 457 3775 sibi
472 3710 658 3785 adsciscunt,
682 3730 700 3774 a
716 3711 876 3775 Laetantio
892 3711 951 3773 alio
973 3711 1063 3773 modo
1080 3709 1269 3773 conformata
1284 3710 1504 3773 inveniuntur:

391 4014 399 4043 ¹
419 4009 519 4063 Iuliae
538 4009 701 4077 quaestionis
721 4012 794 4077 purte
813 4010 929 4064 ordinem
949 4011 1058 4062 secutus
1077 4024 1145 4076 sum,
1165 4024 1245 4077 quem
1263 4007 1401 4060 constituit
1412 4006 1503 4061 Land-

282 4099 391 4168 granos,
410 4097 520 4151 Archiv.
539 4097 666 4167 lexicogr.
686 4102 713 4151 et
731 4113 842 4167 gramm.
859 4098 904 4152 lot.
924 4096 976 4151 vol.
996 4096 1064 4150 VIII
1083 4112 1142 4165 pag.
1162 4096 1196 4151 39
1214 4112 1252 4165 sq.

390 4204 451 4257 ref.
471 4203 583 4272 scheol,
603 4204 635 4257 de
656 4203 740 4257 dativi
765 4220 819 4258 usu
831 4204 1002 4259 Ciceroniano
1036 4203 1062 4271 (Ι
1080 4202 1170 4272 Progr.
1191 4202 1336 4271 Bergedorl
1353 4202 1422 4257 1892
1440 4218 1503 4269 pag.

273 4294 319 4379 Ι14
337 4293 387 4362 sq.)

389 4399 452 4455 3of.
472 4398 567 4469 Draeg.
586 4398 604 4451 l.
624 4398 641 4451 l.
662 4416 704 4469 pg.
725 4398 786 4453 404.
