3109 5067
83 532 219 595 aliorum
243 530 427 613 scriptorum
459 548 549 613 opera
581 531 627 594 vel
657 532 722 613 ipse
753 532 868 613 perlegi
881 532 938 622 vel
968 530 1121 595 indicibus
1144 530 1304 612 exploravi.

84 637 196 719 Neque
219 636 338 717 neglexi
362 636 573 701 adnotationes
597 637 743 717 Draegeri
760 656 858 718 neque
874 637 1003 701 aliorum
1020 636 1303 712 commentationes,

82 762 166 825 quae
190 743 229 807 ad
251 744 332 807 hanc
355 761 420 805 rem
446 743 604 824 pertinent,
629 762 684 806 suo
707 750 844 825 tempore
868 743 1069 808 adnotandae.

284 1043 336 1109 lle
357 1060 503 1111 casuum
525 1044 752 1130 obliquorum
774 1062 841 1110 usu
863 1042 1106 1110 Iactantiano.

193 1186 239 1249 Ad
269 1187 350 1251 hanc
379 1187 590 1268 quaestionem
618 1187 845 1251 dissolvendam
874 1186 978 1250 omnia
1009 1204 1141 1249 casuum
1164 1185 1302 1266 exempla

82 1311 269 1356 enumerare
292 1311 368 1375 opus
391 1312 452 1356 non
475 1296 530 1367 est,
559 1294 705 1375 quoniam
730 1294 778 1356 hic
809 1296 856 1356 est
879 1292 970 1355 cardo
993 1310 1105 1367 rerum,
1134 1294 1171 1354 ut
1194 1308 1303 1371 cogno
1334 1279 1337 1283 ’

86 1416 216 1461 scamus
240 1417 334 1479 quam
357 1399 508 1463 rationem
530 1397 714 1463 Lactantius
737 1402 861 1463 secutus
884 1400 926 1461 sit
948 1400 978 1461 in
1007 1398 1044 1461 iis
1067 1397 1169 1471 rebus,
1191 1396 1303 1476 quibus

84 1504 204 1585 singuli
228 1506 389 1587 scriptores
406 1506 540 1569 manime
563 1506 595 1567 in
612 1505 748 1569 diversas
764 1511 866 1587 partes
889 1505 1028 1568 abierint.
1074 1503 1181 1584 Neque
1197 1508 1301 1567 autem

81 1610 159 1673 huic
182 1611 356 1691 quaestioni
385 1610 597 1675 satisfacturos
632 1630 687 1674 nos
718 1631 784 1675 esse
817 1612 1013 1685 arbitramur,
1045 1611 1104 1673 nisi
1131 1610 1301 1684 verborum,

86 1735 257 1797 quaecum
273 1718 360 1781 varia
374 1717 609 1783 conformatione
624 1717 762 1799 praedita
778 1718 860 1800 apud
876 1717 1073 1780 Lactantinm
1095 1717 1301 1789 inveniuntur,

81 1822 191 1886 omnia
214 1823 354 1905 exempla
378 1824 632 1905 proposuerimus.
679 1823 813 1897 Etenim,
836 1842 908 1887 enm
940 1823 1198 1903 exscriptoribus
1222 1821 1301 1885 alter

82 1928 216 1992 alteram
239 1929 509 1993 conformationem
533 1930 693 2012 praeferat,
718 1949 765 1993 res
782 1930 876 1993 etiam
898 1929 932 1992 in
957 1949 991 1993 eo
1009 1932 1148 1993 versatur
1168 1932 1203 1991 ut
1226 1927 1300 2010 quid

81 2038 169 2098 certa
192 2036 423 2110 consuetudine,
446 2036 520 2117 quid
551 2054 620 2099 raro
644 2041 830 2118 usurpatum
859 2037 900 2099 sit
930 2036 1138 2099 diiudicetur.¹
1183 2033 1300 2098 Eadem

76 2160 122 2203 ex
159 2158 253 2204 causa
289 2142 327 2205 de
366 2142 464 2205 verbis
506 2148 573 2205 tum
611 2160 718 2205 casum
756 2141 876 2205 nudum
906 2147 974 2205 tum
1006 2142 1043 2205 de
1078 2141 1300 2223 praepositione

81 2246 268 2328 pendentem
291 2248 469 2355 regentibus
493 2248 714 2329 disputandum
737 2249 811 2311 est²

679 2513 704 2576 Ι.

490 2652 560 2732 De
589 2653 901 2734 Accusativo

299 2838 307 2849 ·
369 2812 406 2879 Α.
430 2812 470 2880 dc
495 2812 691 2882 accusativo
716 2812 838 2883 0110011
864 2812 1014 2899 simplici.

189 3004 328 3087 Linguae
344 3007 459 3071 latinae
476 3010 605 3091 aliisque
622 3009 747 3092 linguis,
772 3028 850 3089 quae
873 3010 1026 3081 dicuntur,
1041 3008 1299 3091 indogermaniois

78 3108 240 3190 proprium
264 3130 330 3175 esse
353 3116 482 3191 constat,
506 3117 595 3194 quod,
623 3134 822 3197 quaecunque
845 3116 938 3179 verba
961 3116 1113 3179 actionem
1137 3114 1186 3177 vel
1209 3114 1301 3178 affec·

80 3220 152 3277 tum
175 3213 207 3278 in
229 3236 295 3280 rem
319 3238 518 3299 personamus
541 3221 691 3285 directum
723 3223 868 3298 indicant,
898 3241 952 3303 per
974 3241 1006 3284 se
1029 3221 1067 3284 ad
1091 3220 1301 3285 accusativum

78 3322 191 3388 obiecti
214 3324 446 3388 adsciscendum
470 3326 579 3391 idonea
602 3332 683 3391 snnt.
717 3329 825 3407 Neque
849 3331 952 3391 antem
982 3328 1087 3390 omnia
1109 3327 1194 3390 illius
1217 3327 1300 3389 modi

78 3430 176 3493 verba
199 3448 217 3494 a
241 3430 440 3511 scriptoribus
463 3433 612 3497 Romanis
636 3452 706 3497 oum
724 3434 900 3497 accusativo
916 3434 1079 3497 coniuncta
1094 3433 1301 3508 inveniuntur,

77 3537 134 3599 sad
157 3536 189 3598 in
212 3536 269 3600 hac
293 3556 325 3598 re
348 3540 447 3601 exstat
470 3557 619 3621 magnum
635 3541 799 3603 discrimen
816 3545 846 3604 et
862 3543 1036 3621 temporum
1053 3544 1084 3603 et
1105 3539 1300 3620 scriptorum.

78 3641 156 3704 Alia
178 3642 260 3705 enirn
276 3642 369 3706 verba
392 3646 602 3708 accusativum
627 3646 686 3709 sibi
709 3646 877 3710 adsciscere
894 3647 1003 3723 solent,
1025 3647 1071 3709 ita
1093 3651 1128 3709 nt
1143 3646 1190 3708 vis
1212 3647 1299 3707 tran-

76 3748 173 3810 sitiva
194 3747 233 3811 iis
256 3749 344 3828 quasi
374 3750 482 3813 innata
509 3770 575 3813 esse
598 3752 747 3828 videatur,
777 3752 840 3815 alia
869 3753 907 3815 ab
931 3771 992 3816 nno
1023 3771 1093 3815 cnm
1124 3752 1300 3815 accusativo

76 3853 244 3917 coniuncta
274 3855 312 3917 ab
342 3856 439 3918 altero
469 3857 535 3919 sine
561 3858 617 3920 illo
647 3877 719 3922 casu
750 3861 899 3941 usurpata
928 3861 1013 3932 sunt3
1051 3877 1149 3939 neque
1179 3858 1299 3932 desunt,

186 4102 196 4131 ¹
216 4096 300 4163 Quod,
313 4115 376 4152 oum
394 4100 473 4155 facile
486 4101 590 4171 neglegi
602 4102 694 4172 possit,
712 4103 763 4156 hoo
775 4102 834 4157 loeo
846 4104 992 4157 notandum
1005 4118 1063 4156 esse
1075 4104 1147 4170 puto,
1166 4100 1298 4169 quoniam,

73 4187 99 4239 si
119 4185 184 4253 quid
202 4187 272 4255 apud
285 4203 369 4240 unum
381 4204 440 4243 raro
452 4190 611 4259 inveniatur,
624 4191 695 4259 quod
707 4191 740 4245 ab
752 4191 836 4246 altero
849 4196 921 4246 certa
934 4190 1128 4245 consuetudine
1140 4191 1298 4257 usurpatum

73 4274 123 4340 sit,
143 4274 232 4327 minus
250 4276 406 4330 imitationis
425 4294 504 4346 quarn
524 4279 693 4333 dissensionis
712 4280 822 4335 alterius
840 4280 908 4334 ratio
926 4280 1067 4334 statuenda
1085 4282 1133 4333 est.

185 4380 264 4435 2Cir.
285 4381 435 4437 Iattmann.
455 4384 482 4436 in
501 4384 768 4441 Fleckeisenii·lllasii
786 4403 846 4442 ann.
868 4386 936 4440 1892
954 4403 995 4455 pg.
1017 4387 1075 4441 135.
