3109 5067
863 351 884 411 4

262 564 426 643 solvemus,
443 562 604 625 ¹nonnulla
628 558 665 623 de
698 557 855 624 Lactantii
889 559 999 623 studiis
1023 558 1227 624 Ciceronianis
1250 559 1369 623 adicere
1403 559 1478 622 mihi

256 670 363 733 liceat.
423 736 425 743 ,
514 736 515 741 ,

369 777 398 837 4.
435 772 548 837 Verum
566 771 691 853 quidem
714 776 762 835 est
785 776 817 836 et
839 790 875 836 ex
898 772 982 835 omni
1004 772 1066 836 fere
1087 772 1199 854 pagina
1221 772 1357 851 intellegi
1380 775 1482 853 potest

226 894 229 898 ’
253 880 462 945 ‘lactantium
487 878 602 941 nullius
626 878 782 959 scriptoris
805 877 891 941 libris
915 878 984 960 plus
1007 897 1115 960 operae
1139 878 1260 941 dedisse
1284 896 1379 960 quam
1396 876 1483 941 Cice·

263 988 357 1051 renis
399 984 498 1049 Nemo
521 988 569 1047 est
592 984 680 1047 cuius
703 1002 795 1064 opere
818 984 944 1058 abemus
967 985 1019 1047 ille
1035 984 1219 1066 expilaverit
1235 983 1391 1047 neminem
1414 988 1479 1047 tarn

262 1092 373 1157 eximia
396 1090 487 1155 leude
509 1088 1026 1172 11111111(311.11131.Ι1116111.
1045 1088 1174 1169 Tadius,
1194 1092 1250 1170 qai
1271 1110 1335 1153 nora
1359 1094 1483 1154 tantane

254 1198 413 1278 perfectas
443 1199 556 1274 arator,
573 1176 641 1257 'sed
670 1197 764 1258 eiianr
790 1194 991 1275 philosophas
1020 1195 1100 1275 fnii;
1132 1194 1254 1271 11113‚
1280 1198 1320 1259 lo
1343 1197 1409 1275 ipse
1430 1196 1484 1259 aa

262 1303 427 1367 Romanae
450 1301 576 1385 linguae
599 1320 740 1363 sarnmns
763 1305 889 1378 aarum
913 1300 972 1363 Vll
997 1303 1025 1376 1,
1051 1303 1067 1364 1
1092 1304 1228 1365 eximias
1249 1306 1371 1381 araiar;
1401 1300 1483 1383 Opil.

262 1409 300 1473 D.
315 1410 353 1485 <1,
380 1410 419 1471 12
444 1406 581 1483 Marone
605 1404 725 1469 Tniiins
755 1408 804 1469 air
834 1408 956 1487 ingenii
978 1406 1171 1488 sinpaiaris;
1201 1408 1240 1472 Ir.
1264 1408 1302 1472 D.
1325 1409 1378 1481 22,
1402 1409 1482 1469 2111

261 1534 344 1597 errore
371 1511 529 1577 Ciceronis
557 1511 670 1595 epilogo
699 1511 744 1574 ad
771 1512 986 1591 perorandum
1015 1516 1167 1595 ammnr).
1215 1512 1302 1592 Quod
1326 1511 1483 1576 Ciceronis

263 1618 401 1683 studium
432 1618 466 1702 ei
499 1618 680 1682 facultatem
710 1621 776 1681 tam
814 1622 920 1682 ornate
954 1620 1073 1701 copiose
1106 1618 1323 1701 splendideque
1358 1619 1480 1682 dicendi

262 1726 399 1789 contulit.
446 1724 553 1805 Neque
570 1742 640 1787 vero
663 1724 694 1787 in
718 1725 810 1787 rebus
827 1724 1040 1805 grammaticis
1057 1724 1194 1789 Ciceroni
1216 1725 1340 1788 omnino
1361 1725 1482 1788 obtem·

261 1850 370 1913 perere
401 1849 433 1894 se
463 1849 597 1911 usquam
627 1829 771 1894 declarat.
826 1830 926 1893 Immo
955 1850 1024 1894 vero
1053 1851 1089 1895 ex
1125 1832 1250 1907 ratione,
1287 1850 1349 1913 quc
1378 1832 1483 1895 verbis

263 1936 415 2001 Ciceronis
453 1936 550 2018 ipsius
586 1936 693 2010 utitur,
714 1935 850 2000 elucere
878 1936 1007 2013 videtur,
1043 1957 1105 2000 nou
1133 1956 1255 2020 semper
1294 1940 1481 2001 sectatorem

261 2044 343 2108 illius
366 2043 486 2125 generis
515 2062 587 2106 euru
618 2061 693 2107 esse.
740 2042 946 2107 Inveniuntur
975 2043 1058 2107 enim
1081 2043 1219 2107 nonnulli
1244 2042 1397 2107 Ciceronis
1420 2044 1480 2107 loci

263 2149 336 2231 qui,¹
350 2167 422 2213 cum
438 2146 620 2213 Lactantius
650 2166 711 2211 non
735 2153 879 2212 accurate
902 2149 993 2212 verbo
1016 2148 1169 2214 Ciceronis
1193 2149 1308 2225 afferat
1336 2150 1368 2212 in
1392 2149 1481 2214 codd.

262 2254 467 2319 Ciceronianis
491 2254 581 2317 aliter
603 2255 754 2335 legentur.
800 2252 838 2317 ln
861 2254 910 2318 his
933 2256 1098 2319 nonnullae
1124 2256 1387 2319 *commutationes
1410 2258 1480 2319 tam

261 2362 398 2441 insignes
414 2363 496 2445 ,sunt
526 2364 644 2423 utnon
668 2362 784 2429 temere
813 2363 868 2423 aut
890 2360 1015 2424 fortuito
1043 2380 1095 2426 eas
1118 2361 1217 2425 factas
1248 2380 1315 2425 esse
1339 2365 1484 2425 statuen-

261 2467 336 2529 dum
361 2466 409 2531 sit.
455 2465 536 2529 Nam
561 2466 587 2529 si
610 2464 766 2549 Lactantii
793 2467 1047 2531 consuetudinem
1071 2467 1199 2531 dicendi¹
1212 2468 1424 2549 exploramus,
1448 2468 1484 2531 in

260 2574 323 2635 illis
347 2590 407 2636 non
432 2570 584 2654 Ciceronis
608 2571 660 2636 sed
686 2571 840 2635 Laetantii
865 2573 1020 2655 proprium
1038 2592 1131 2637 nsum
1152 2573 1297 2639 invenies.
1332 2573 1486 2655 Legimus

260 2678 359 2760 enim:

411 2782 485 2847 lust.
510 2783 525 2846 Ι
548 2784 578 2857 9,
603 2784 622 2846 3
646 2784 729 2864 ferro
751 2804 790 2847 ac
811 2783 930 2848 araus
954 2784 1050 2865 (codd.
1076 2783 1137 2850 Cio.
1161 2787 1227 2868 ei).¹

412 2889 426 2951 I
453 2890 502 2964 17,
527 2890 546 2951 2
571 2887 638 2973 (cfr.
663 2891 695 2971 3)
720 2891 944 2954 eonanrcniieios
966 2911 1005 2954 ac
1025 2891 1114 2970 pictos
1136 2892 1234 2975 (codd.
1259 2890 1321 2955 Cic.
1344 2895 1396 2976 ei).

267 3033 293 3050 ··
367 3012 485 3092 Quibus
509 3013 582 3077 locis
605 3012 824 3078 manifestatur
847 3014 986 3078 studium
1011 3002 1069 3112 taa'
1093 3015 1261 3097 particulae
1285 3016 1324 3079 ad
1353 3017 1488 3080 nomina

260 3120 342 3183 idem
374 3118 436 3183 fere
474 3119 680 3199 significantia
715 3119 935 3201 coniungenda,
972 3121 1002 3185 id
1038 3121 1117 3204 quod
1154 3122 1295 3204 plurimis
1331 3124 1488 3205 exemplis

259 3225 449 3308 comprobari
472 3228 582 3307 potest,
610 3232 647 3289 ut
669 3244 834 3289 numerum
864 3227 1018 3308 quendam
1046 3228 1188 3299 indicem,
1217 3229 1248 3291 in
1272 3227 1347 3294 Inst.
1372 3231 1391 3293 l.
1415 3229 1430 3291 l
1455 3250 1486 3296 e.

262 3332 345 3393 1-5
374 3331 443 3413 plus
469 3331 587 3413 viginti.

365 3436 484 3500 Deinde
514 3435 698 3501 Lactantius
731 3437 769 3501 ad
802 3438 1053 3503 conformandum
1084 3441 1213 3504 verbum
1243 3427 1362 3537 ‘inesse'
1391 3460 1490 3523 prae-

259 3542 441 3624 positionem
466 3533 518 3639 tin'
542 3545 722 3625 plerumque
746 3561 808 3611 nou
827 3542 956 3627 repetit,
987 3545 1016 3608 id
1042 3546 1122 3628 quod
1146 3548 1291 3629 exemplis
1322 3547 1402 3611 infra
1425 3549 1490 3611 ad-

260 3649 331 3711 latis
354 3648 423 3733 (cfr.
446 3667 515 3731 pag.
540 3648 596 3733 23)
620 3650 878 3732 comprobabitur.
925 3650 1026 3730 Quam
1050 3653 1303 3718 consuetudinem
1327 3654 1422 3718 etiarn
1445 3655 1486 3718 in

259 3754 333 3838 loeis
357 3773 393 3819 ex
418 3752 561 3819 Cicerone
584 3755 773 3839 depromptis
798 3757 938 3838 sequitur
953 3757 998 3821 vel
1024 3744 1144 3853 ‘inesse'
1161 3777 1186 3823 c.
1203 3759 1264 3824 dat.
1287 3761 1489 3841 coniungens

259 3859 307 3923 rel
337 3879 391 3942 pro
421 3860 588 3941 composito
623 3862 751 3943 simplex
781 3848 869 3959 ‘esse'
902 3862 1057 3928 adhibens.
1104 3855 1316 3929 Conferantnr¹
1332 3865 1364 3929 ll
1394 3869 1425 3942 5,
1462 3870 1488 3930 8

258 3986 338 4046 qaae
368 3985 437 4028 arm
465 3967 501 4029 in
534 3965 688 4029 sideribus
720 3987 788 4031 esse
814 3968 975 4031 oidmmm
1005 3968 1103 4052 (codd.
1128 3968 1189 4035 Cic.
1218 3971 1346 4055 inesse),
1376 3971 1416 4038 Ir,
1441 3972 1486 4038 D.

261 4072 310 4146 10,
335 4072 377 4133 46
401 4068 451 4133 tis
474 4071 558 4135 enini
579 4073 615 4135 in
638 4074 764 4137 nutriris
786 4072 868 4137 niiil
895 4078 939 4137 est
961 4073 1062 4157 (codd.
1087 4073 1149 4139 Cio.
1178 4079 1286 4161 inest),
1311 4077 1356 4142 IV
1379 4079 1434 4153 28,
1461 4081 1486 4140 5

258 4176 414 4239 laiseinim
446 4176 545 4240 cerdis
574 4177 715 4240 omnibns
743 4180 833 4243 inest¹
854 4181 901 4243 ais
923 4178 1043 4261 lopardi
1080 4180 1154 4261 (Cic.
1180 4183 1266 4247 codd.
1290 4185 1326 4247 in
1348 4182 1486 4264 uerbis),

365 4406 374 4436 ¹
394 4401 526 4457 Ciceronis
544 4404 615 4459 locos
634 4404 720 4473 adfert
737 4404 882 4460 Brandtius
901 4407 929 4459 in
949 4412 1079 4477 apparatu
1098 4409 1199 4467 critico.
