3109 5067
639 344 680 406 27

158 555 279 619 Deinde
304 553 470 619 dicendum
495 558 543 619 est
564 555 656 637 idque
679 553 806 619 uberius
822 554 859 617 de
880 554 979 617 verbis
1002 553 1173 619 transitivis
1195 573 1268 618 cum

46 662 322 743 praepositionibus
370 662 556 743 compositis
608 661 654 725 De
695 661 810 742 quibus
844 660 944 723 multu
985 660 1068 742 apud
1108 660 1269 742 scriptores

45 768 181 849 optimos
211 767 430 831 secundarium
458 767 612 832 obiectum
645 785 800 853 personae,
833 784 955 847 perraro
987 771 1093 830 autem
1120 767 1166 830 rei
1193 767 1270 831 rcci-

45 874 146 955 piunt.
193 875 240 936 Ab
273 873 332 937 hec
360 872 580 937 consuetudine
610 877 716 955 poetae
747 876 778 935 et
807 871 987 953 posteriores
1017 872 1179 953 scriptores
1207 871 1270 936 dis·

44 982 209 1043 cesserunt
230 980 274 1042 ita
297 983 415 1043 utnon
440 980 539 1043 solum
555 979 655 1043 verbis
679 979 719 1041 ab
742 977 866 1060 optimis
890 978 921 1041 in
945 996 1038 1041 usum
1061 978 1191 1060 receptis
1214 979 1268 1042 sed

45 1086 145 1149 etiam
177 1084 245 1148 aliis
275 1084 414 1149 dativum
444 1086 491 1149 vel
524 1103 670 1167 personae
701 1084 748 1148 vel
778 1086 824 1147 rei
855 1084 938 1147 nullo
967 1084 1142 1148 discrimine
1175 1084 1270 1148 inter·

44 1191 175 1255 cedente
204 1189 406 1277 adiunxerint,
452 1190 555 1255 Etiam
580 1190 783 1255 Lactantium
812 1190 935 1271 saepius
966 1208 1083 1255 morem
1114 1188 1269 1254 Ciceronis

45 1303 282 1377 transgressum
306 1296 379 1360 huic
402 1296 503 1361 dativo
528 1296 683 1360 studuisse
706 1300 742 1359 ut
757 1297 858 1377 magis
881 1301 1035 1379 appareat,
1051 1296 1144 1360 verba
1162 1296 1270 1359 huius-

44 1402 143 1475 modi,
172 1420 250 1483 quee
274 1402 355 1484 apud
385 1421 456 1467 eum
493 1421 565 1465 oum
595 1401 696 1466 dativo
725 1402 889 1466 coniuncta
923 1403 1129 1479 inveniuntur,
1161 1401 1268 1466 afferre

44 1509 124 1571 mihi
149 1508 241 1572 liceat
263 1508 434 1575 seeundum
458 1507 597 1571 ordinem
620 1508 893 1590 praepositionum:

157 1614 392 1679 adcensere:
415 1613 447 1679 11
470 1616 544 1689 9,5
575 1616 680 1677 oriens
710 1614 764 1677 deo
792 1614 996 1691 adsertorem
1027 1614 1053 1676 V
1077 1616 1107 1689 2,
1133 1613 1268 1678 151611-

42 1722 135 1801 pacni
157 1721 208 1783 coi
229 1720 336 1799 fuerat
356 1739 515 1784 mausus,
1005 1783 1016 1803 ,

157 1825 353 1907 adfigere:
385 1824 427 1888 lV
454 1827 505 1903 18,
531 1827 565 1888 4¹
589 1828 675 1889 cruci
705 1826 824 1906 adrium
857 1826 936 1907 Epit.
961 1828 1012 1898 40,
1038 1827 1074 1900 8;
1105 1825 1147 1887 VI
1171 1828 1202 1900 9,
1227 1829 1268 1888 15

38 1935 210 2011 praecepio
227 1934 352 2013 pectori.

157 2037 393 2119 adgregare:
416 2038 459 2100 IV
476 2039 527 2111 27,
548 2039 587 2100 15
604 2036 705 2100 Iouem
720 2036 922 2101 daemontbus
943 2037 1143 2118 adproperata
1159 2038 1174 2101 1
1193 2038 1220 2110 7,
1236 2039 1267 2101 9,

46 2144 96 2207 lta
120 2143 293 2209 secundum
314 2143 420 2219 Taciti,
452 2162 513 2207 non
544 2142 697 2208 Ciceronis
732 2162 851 2207 morem
885 2143 996 2206 dicitur
1031 2144 1079 2224 (cf.
1103 2144 1261 2207 Antibarb.

45 2250 81 2311 16
106 2268 179 2331 pag.
204 2250 268 2330 84).

157 2355 357 2420 adhibere:
382 2354 461 2437 repit.
486 2357 537 2427 34,
564 2356 600 2418 11
627 2357 675 2419 ors
698 2354 875 2418 carracedo
897 2358 1047 2429 naturam
1077 2356 1129 2428 49,
1154 2356 1174 2417 0
1202 2353 1269 2416 oet-

43 2461 179 2526 rrere'bus
200 2481 324 2537 eurom3
350 2463 400 2537 01,
425 2464 444 2525 3
469 2463 586 2541 corpori
609 2465 766 2525 tormento.
822 2460 1006 2542 Exemplum
1035 2461 1268 2542 praepositionis

45 2554 108 2663 ‘ad'
143 2568 300 2649 repetitae,
323 2587 385 2648 qua
420 2566 525 2632 Cicero
560 2568 681 2649 saepius
716 2570 824 2643 utitur,
857 2567 937 2649 apud
974 2566 1174 2631 Lactantium
1206 2586 1266 2630 non

44 2674 164 2739 iuveni.

158 2778 328 2843 adicere:
352 2779 368 2841 Ι
392 2782 444 2851 20,
470 2782 509 2842 lo
533 2777 797 2843 renascerentur
819 2779 940 2843 orttectt

158 2884 414 2949 adiudicare:
439 2884 469 2947 11
493 2888 522 2959 2,
540 2887 582 2948 24
605 2887 747 2948 citimam
769 2887 915 2955 moeurs:
940 2882 1104 2958 V111,14
1127 2886 1269 2948 animum

47 2990 261 3070 corruptoribus.

158 3096 397 3162 admiscere:
420 3096 465 3159 VI
488 3099 540 3173 23,
565 3099 584 3159 2
608 3097 806 3176 cupiditatem
828 3096 1019 3176 corporibus3
1043 3095 1122 3179 Opit'.
1139 3095 1175 3160 D.
1194 3098 1223 3171 7,
1238 3099 1270 3159 2.

91 3256 94 3260 .
158 3202 382 3285 adplicaret
408 3202 450 3265 VI
474 3205 526 3277 23,
551 3204 570 3265 8
593 3222 697 3267 mores
719 3202 861 3266 mordes
882 3201 1040 3281 adplicuit.

158 3309 367 3373 advocare:
392 3308 406 3370 1
432 3310 481 3384 17,
508 3311 547 3372 15
571 3308 712 3372 curando
735 3310 844 3372 taceat
865 3308 1025 3371 meacm.

161 3431 259 3497 Verba
290 3450 362 3496 oum
396 3433 617 3516 praepositione
653 3419 711 3526 ‘de’
742 3433 790 3495 vel
823 3421 879 3529 ten'
917 3432 1094 3514 composita,
1119 3451 1208 3512 quae,
1243 3433 1270 3494 si

44 3540 133 3603 inest
155 3538 193 3601 iis
216 3540 262 3602 ris
286 3539 426 3603 servandi
450 3539 612 3621 exaliqua
637 3558 670 3602 re
694 3538 742 3601 vel
765 3537 909 3601 movendi
934 3538 972 3600 ab
996 3538 1098 3618 alique
1121 3538 1184 3601 loco
1217 3539 1271 3601 ab·

44 3646 182 3707 dativum
205 3645 313 3709 eadem
337 3646 383 3708 vel
407 3644 501 3708 simili
524 3644 745 3727 praepositione
770 3645 900 3725 repetita
917 3644 975 3706 sibi
992 3643 1170 3707 adsciscunt
1187 3644 1269 3725 apud

43 3756 191 3833 optimoS,
214 3769 286 3814 cum
310 3750 411 3814 dativo
435 3751 597 3816 coniuncta
620 3756 758 3814 exstant:

158 3856 390 3921 detrahere:
422 3856 466 3920 IV
491 3858 541 3931 19,
565 3858 585 3919 0
609 3856 812 3921 detraxerunt
840 3876 910 3922 cam
940 3857 1040 3932 eremo}
1076 3856 1155 3938 Epit.
1180 3857 1266 3932 42,1

46 3964 223 4027 detractam
241 3961 379 4041 patibulo
401 3982 519 4041 corpere.

44 4122 210 4131 ,-..-.-.--

162 4229 170 4257 ¹
189 4225 270 4279 [uvat
282 4224 331 4279 hoc
344 4224 402 4279 loco
414 4225 624 4280 animadvertere
637 4230 767 4294 quantum
779 4224 901 4277 variandi
913 4224 1033 4277 studium
1046 4224 1111 4278 insit
1122 4223 1271 4278 Iactantio:

44 4315 87 4367 IV
111 4312 154 4381 18,
175 4312 190 4365 9
213 4313 342 4381 eremique
367 4314 538 4381 adsertorum&
569 4313 664 4382 18,18
689 4317 837 4381 antequam
854 4312 981 4380 fiperenu
1011 4312 1053 4380 26,
1072 4313 1106 4366 32
1131 4312 1271 4379 sufferas:

43 4403 91 4471 30,
113 4402 130 4454 7
145 4400 271 4469 patibulo
288 4402 424 4469 piperatum
