3109 5067
674 390 694 455 3

65 602 156 666 velit.
203 600 269 664 Hoc
299 601 430 675 nomine,
460 602 484 664 si
523 602 702 685 simpliciter
733 602 840 676 uteris,
869 602 1068 682 significatur,
1098 600 1298 666 Lactantium

67 708 158 772 idem
195 726 292 788 genus
336 706 456 771 dicendi
498 707 675 772 adhibuisse
715 726 751 771 ac
794 706 980 782 Ciceronem,
1020 706 1195 786 Ciceronem
1236 728 1298 771 non

69 813 200 895 quidem
230 830 296 876 esse
326 813 419 876 rebus
455 814 625 895 propositis,
663 813 716 876 sed
745 821 857 893 genere
885 812 1004 877 dicendi
1039 831 1099 895 quo
1129 832 1180 877 eas
1216 832 1299 877 corn-

70 919 219 1001 posuerit.
266 917 354 997 Quod
392 919 591 1001 amplectitur
629 938 690 984 non
734 922 858 983 tanturn
892 918 1074 983 facultatem
1112 937 1148 983 ac
1180 921 1299 1002 copiam

65 1024 197 1090 dicendi
220 1042 327 1088 verum
350 1025 445 1088 etiam
468 1044 517 1089 res
540 1024 754 1106 gemmeticos.
802 1024 891 1104 Quod
914 1025 953 1088 ad
975 1026 1063 1088 illam
1094 1026 1299 1107 eloquentiam

67 1132 190 1195 attinet
239 1128 440 1194 Lactantium
489 1131 599 1194 merito
644 1129 822 1195 Ciceronem
868 1130 1015 1213 appellari
1066 1131 1207 1213 perfacile
1254 1132 1300 1194 in·

70 1237 240 1316 tellegitur.
286 1235 368 1299 Nam
405 1236 467 1300 stili
503 1239 658 1315 venustae,
687 1237 850 1300 verborum
884 1237 1083 1311 concinnitas,
1113 1237 1212 1302 terror
1240 1238 1301 1301 elo·

68 1342 222 1423 quentiae
244 1340 389 1405 facillime
413 1342 581 1421 legentium
610 1342 712 1407 oculos
744 1342 905 1423 attingunt
927 1345 958 1406 et
985 1344 1151 1407 memoriae
1174 1342 1300 1407 audien-

70 1449 158 1511 tium
186 1447 346 1511 inhaerent
384 1446 614 1512 iucundissime.
667 1446 726 1511 Sed
758 1447 914 1512 difficilius
951 1452 999 1513 est
1033 1448 1071 1512 de
1108 1451 1174 1513 arte
1197 1467 1301 1531 gram·

69 1552 193 1617 metica
221 1552 365 1627 iudicare,
396 1553 484 1617 cuius
514 1552 713 1635 proprietates
743 1554 801 1617 sub
831 1556 1020 1618 ornamentis
1042 1555 1187 1618 orationis
1211 1573 1299 1636 saepe

74 1661 178 1722 latent
212 1662 242 1722 et
278 1659 413 1739 legentes
447 1659 588 1741 perfacile
628 1658 760 1739 fugiunt.
815 1657 865 1722 Ita
899 1660 981 1724 euim
1015 1641 1133 1724 factum
1166 1660 1215 1725 est
1277 1664 1300 1734 t,

69 1782 153 1828 cum
182 1764 219 1828 dc
249 1765 319 1828 stilo
343 1764 547 1829 Lactantiano
576 1766 640 1828 ianr
671 1768 801 1838 exstent,
832 1766 945 1849 quibus
977 1764 1081 1831 Cicero
1111 1767 1298 1831 christianus

73 1871 304 1952 comprobetur,
335 1870 372 1934 de
402 1872 499 1935 altera
527 1876 614 1953 parte
645 1872 765 1951 generis
796 1871 916 1936 dicendi
949 1873 1126 1954 quaestione
1156 1872 1301 1955 peculiari

79 1976 221 2040 nondum
237 1976 398 2040 instituta1
421 1980 459 2041 et'
474 1978 524 2040 illo
541 1978 663 2040 nomine
680 1978 718 2041 ad
735 1979 914 2041 universum
930 1997 1027 2058 genus
1044 1978 1166 2043 dicendi
1188 1979 1301 2043 relato2

75 2084 163 2147 idem
193 2082 365 2146 iudicatum
396 2084 444 2147 sit.
491 2082 578 2162 Quod
609 2084 758 2147 iudicium
787 2084 869 2148 iusto
901 2083 966 2148 iure
989 2084 1122 2149 offendet
1150 2103 1223 2148 enm
1247 2085 1300 2167 qui

77 2188 280 2251 Lactantiunr
309 2207 372 2251 non
402 2189 502 2252 solum
532 2190 564 2252 in
590 2187 742 2253 Ciceronis
774 2190 888 2272 scripta
912 2190 965 2253 sed
989 2192 1084 2253 etiarn
1111 2191 1144 2254 in
1167 2188 1300 2264 Livium,

76 2294 275 2371 Sallustium,
298 2294 469 2375 Vergilium
491 2296 667 2377 multosque
695 2296 771 2359 alios
804 2296 964 2378 scriptores
995 2299 1025 2360 et
1048 2300 1153 2378 poetas
1176 2315 1301 2379 operam

74 2401 249 2465 contulisse
272 2402 454 2481 cognoverit.
500 2402 570 2464 Huc
594 2401 720 2475 accedit,
744 2401 825 2483 quod
855 2402 1021 2465 nonnullae
1045 2402 1239 2484 quaestiones
1263 2402 1300 2466 de

78 2526 235 2583 sermone,
260 2508 313 2589 qui
336 2507 457 2583 dicitur,
481 2508 583 2571 Attico
607 2514 638 2572 et
666 2508 871 2572 ecclesiastico
901 2511 1031 2582 exstant,
1062 2527 1098 2571 ex
1121 2508 1233 2590 quibus
1255 2509 1302 2572 in-

74 2614 236 2691 tellegitur
266 2632 361 2695 quam
389 2614 478 2694 longe
509 2614 667 2678 distenta
691 2612 847 2678 Ciceronis
872 2632 1014 2678 sermone
1036 2613 1091 2690 illi,
1116 2614 1300 2697 quibuscum

76 2720 263 2783 Lactantius
298 2720 430 2783 eandem
465 2720 528 2784 tere
565 2724 699 2785 aetatem
735 2722 930 2802 patriamqne
966 2739 1162 2785 communem
1199 2721 1301 2786 habet.

77 2825 207 2889 Illorum
238 2826 362 2889 licentia
401 2827 524 2889 omnino
555 2845 657 2890 carere
691 2825 892 2891 Lactantium
922 2828 991 2908 quis
1025 2831 1073 2890 est
1108 2827 1160 2909 qui
1191 2829 1302 2909 putet?

74 2932 184 3009 Quid?
235 2931 319 2995 Num
342 2931 425 2995 ullus
461 2933 590 3014 scriptor
612 2934 789 3014 aequalium
813 2932 1013 3014 proprietates
1042 2936 1142 3015 potest
1176 2952 1301 3015 prorsus

74 3038 234 3117 effugere?
286 3040 334 3100 An
367 3056 437 3102 vero
474 3039 498 3101 si
535 3040 654 3121 potuit,
686 3039 804 3102 voluit?
867 3037 967 3117 Quam
1015 3040 1227 3120 quaestionem
1266 3043 1302 3102 ut

190 3288 198 3316 ¹
218 3282 294 3348 Quod
312 3282 366 3337 ianr
386 3284 506 3352 queritur
524 3282 685 3337 Kehreiuius
704 3282 790 3359 (tluis
809 3284 944 3352 scripserit
961 3282 1083 3336 libellum
1102 3284 1149 3352 qui
1167 3286 1208 3337 est
1225 3284 1302 3337 Lucii

75 3371 192 3426 Caecilii
219 3372 251 3425 de
276 3372 405 3425 mortibus
430 3365 649 3441 persecutorum,
669 3372 733 3427 disc.
758 3371 823 3440 phil.
843 3372 955 3425 Monast.
978 3372 1057 3439 1877,
1078 3388 1120 3442 pg.
1140 3372 1176 3441 2),
1201 3374 1246 3441 qui
1270 3374 1303 3426 ad

76 3463 149 3514 hano
177 3461 316 3514 materiam
343 3461 500 3530 aggrediens
521 3460 707 3514 Bettholdium
735 3461 803 3513 dicit
831 3462 948 3529 primum
976 3460 1085 3529 quidem
1112 3461 1145 3514 de
1171 3461 1303 3520 Lactantii

77 3564 203 3603 sermono
222 3549 318 3617 dicero,
346 3550 392 3603 sad
411 3550 480 3603 hane
500 3550 638 3603 materiam
665 3550 751 3618 ipsam
778 3550 817 3603 ita
835 3549 993 3603 adumbrare
1018 3552 1050 3602 ut
1067 3548 1153 3603 multa
1176 3551 1303 3618 syntaxin

78 3638 222 3707 praecipue
241 3639 387 3707 spectantia
404 3637 482 3706 plane
501 3638 692 3691 desiderentur.
729 3636 783 3691 Sed
800 3654 833 3691 ne
852 3637 1014 3691 Kehreiuius
1032 3638 1140 3707 quidem
1164 3637 1231 3691 illud
1254 3638 1300 3691 de·

75 3724 209 3779 siderium
237 3724 362 3793 explerit.
398 3725 468 3779 Nam
496 3741 530 3778 ex
557 3726 592 3779 iis
620 3742 688 3795 quae
716 3725 861 3780 Brandtius
886 3726 1015 3801 (CWiener
1042 3720 1301 3796 Sitzungsborichte'r

78 3813 134 3868 vol.
156 3814 215 3879 125,
240 3830 283 3883 pg.
304 3814 338 3867 36
357 3814 407 3883 sq.)
426 3814 516 3868 attulit
541 3816 567 3867 et
590 3830 624 3867 ex
648 3815 869 3882 adnotationibus
888 3830 955 3883 quas
979 3815 1048 3869 infra
1074 3816 1203 3883 invenies
1226 3814 1304 3883 plane

75 3905 190 3971 apparet
208 3901 382 3955 Kehreiuium
401 3903 508 3971 saepius
526 3904 554 3955 in
567 3919 667 3956 errores
686 3903 819 3956 incidisse.
856 3902 990 3957 Nonnulla
1002 3904 1110 3973 quidem
1129 3904 1306 3956 inveniuntur

75 3991 152 4059 apud
176 3990 341 4060 Draegerum
369 3990 448 4059 (Hist.
468 3990 543 4058 Synt
568 3992 605 4059 1²)
630 3994 657 4044 ot
684 3992 755 4059 apud
773 3990 947 4045 Woeltlinum
975 3992 1094 4060 (Archiv.
1121 3991 1247 4061 lexicogr.
1276 3996 1303 4045 et

76 4095 192 4148 gramm.
211 4078 277 4147 lat),
296 4080 343 4132 sed
361 4095 447 4149 pauca
466 4081 530 4132 sunt
548 4082 574 4132 et
592 4081 647 4132 tarn
665 4080 783 4147 disperso
801 4081 887 4148 posita
911 4084 942 4133 ut
959 4096 1037 4135 nemo
1055 4081 1105 4134 sibi
1124 4096 1215 4134 veram
1234 4082 1300 4134 ima·

78 4168 170 4237 ginem
189 4168 262 4236 artis,
281 4184 349 4236 qnae
368 4170 409 4221 est
426 4167 565 4234 Laetantii,
584 4168 771 4237 grammaticae
791 4168 948 4223 adumbrare
966 4170 1057 4237 possit.

187 4277 198 4308 r
217 4272 290 4339 Quin
309 4274 390 4328 etiam
403 4273 563 4328 Kehreinius
581 4274 627 4327 ille
646 4277 676 4327 ut
689 4258 805 4329 Caecilio
820 4278 846 4327 et
858 4274 995 4328 melantio
1013 4275 1085 4328 idem
1097 4290 1181 4343 genus
1193 4275 1300 4328 dicendi

76 4380 137 4417 esse
157 4364 286 4431 ostendat,
301 4364 450 4432 quaestioni
470 4363 629 4417 satisfecisse
648 4379 677 4416 se
695 4366 770 4416 ratus
790 4366 838 4430 est,
857 4364 880 4416 si
899 4379 994 4432 genere
1013 4364 1118 4417 dicendi
1133 4363 1304 4417 Ciceroniano

77 4450 229 4506 Caecilium
248 4453 288 4505 uti
305 4451 527 4505 demonstras-erit
545 4452 601 4521 (cfr.
621 4451 638 4505 l.
659 4468 681 4505 c.
701 4468 742 4520 pg.
764 4452 818 4520 23).
864 4491 867 4495 -
