3109 5067
278 541 308 605 ΙΙ
331 546 361 619 3,
385 546 427 608 25
450 550 502 609 eui
525 546 727 625 explicandae
749 548 821 614 iibri
843 553 994 627 servierim
1030 551 1075 616 VI
1098 554 1150 627 20,
1174 555 1215 615 24
1239 551 1397 616 silueris
1425 549 1511 613 edu-

277 650 391 714 mirate
411 651 555 731 sufficere
571 672 674 731 posse.

383 756 420 841 b)
455 756 582 821 dativus
611 758 667 841 qui
698 758 816 825 dieitur
845 760 1077 843 praedicativus
1107 762 1294 829 statuendus
1316 771 1380 827 est:
1414 759 1453 823 Π
1485 763 1512 830 1,

278 863 317 923 17
347 862 435 927 uobis
457 865 583 943 prqirie
613 864 721 929 ctutum
752 870 798 929 est
826 866 945 930 eoelum
971 869 1087 949 uipidis
1116 891 1154 933 oe
1183 868 1338 933 mutnus
1366 868 1510 931 intueri.

276 967 484 1050 Frequentius
508 969 669 1033 invenitur
700 969 752 1035 hio
776 971 902 1035 dativus
933 973 1070 1038 nominis
1099 975 1221 1058 proprii
1249 973 1409 1039 locutioni
1436 991 1511 1067 (no-

277 1094 349 1137 men
387 1062 465 1137 esse'
504 1095 642 1159 ‘nomen
666 1064 834 1158 imponere'
869 1078 1054 1143 adiunctus:
1100 1080 1169 1156 16,
1207 1082 1242 1144 3:
1287 1084 1324 1143 ui
1361 1080 1391 1142 ei
1427 1131 1435 1143 .
1470 1128 1511 1139 ..

277 1180 478 1262 Trismepisto
507 1198 669 1263 coquam
703 1185 887 1265 imponeret;
920 1188 969 1258 11,
1004 1188 1023 1248 3
1062 1188 1115 1250 eui
1151 1205 1314 1267 coponium
1348 1182 1513 1266 Apesaao

274 1286 350 1365 fuii3
388 1290 438 1361 11,
463 1290 501 1350 61
535 1289 587 1351 eat
616 1308 727 1351 nomeu
756 1286 866 1353 Uruuo
893 1290 972 1369 fuet,
1010 1290 1038 1354 V
1065 1294 1093 1367 1,
1125 1294 1167 1355 22
1197 1292 1346 1357 tibareni
1372 1288 1512 1352 Octauio

273 1392 385 1457 titulus
407 1395 466 1467 θείς
501 1393 527 1455 V
553 1397 583 1469 4,
607 1395 626 1457 3
650 1396 686 1457 iu
709 1416 742 1458 eo
771 1394 846 1459 turo
869 1398 921 1459 eui
942 1395 1132 1479 Apotopetieo
1160 1418 1271 1463 nomeu
1305 1400 1387 1461 est¹
1443 1394 1512 1456 Pro

273 1498 332 1563 hoo
355 1497 463 1562 dativo
494 1498 707 1563 nominativus
738 1522 800 1563 non
831 1501 993 1566 invenitur
1023 1503 1200 1579 nisi120,
1228 1506 1269 1567 37
1300 1504 1357 1567 eui
1385 1516 1512 1564 noman

272 1608 317 1667 est
347 1604 523 1671 Panaenus.
572 1602 623 1669 Sio
653 1606 748 1669 etiam
780 1606 813 1670 in
846 1604 905 1671 hoo
935 1607 1047 1672 ultimo
1077 1608 1178 1672 dativi
1207 1628 1330 1691 genere,
1361 1606 1404 1669 de
1442 1624 1512 1685 qun

272 1708 447 1792 disputatio
478 1708 531 1785 fit,
560 1710 683 1793 aliquid
714 1711 846 1777 interest
882 1712 966 1777 inter
996 1711 1180 1779 Ciceronem
1209 1722 1241 1779 et
1268 1711 1511 1778 Lactantium:

271 1836 342 1879 cum
366 1812 492 1881 Cicero²
522 1815 668 1880 omnibus
703 1816 855 1881 eiusmodi
886 1818 963 1883 louis
997 1820 1226 1885 nominativum
1254 1817 1418 1883 adhibeat
1453 1837 1512 1879 ex·

273 1920 372 2004 ceptis
402 1921 480 1985 loeis
519 1942 577 2005 pro
601 1921 690 1988 Rose.
714 1922 784 1985 Am.
821 1927 861 1985 17
893 1930 924 1987 et
959 1924 1048 1991 Verr.
1072 1928 1102 2001 3,
1133 1928 1185 2002 31,
1220 1922 1385 1990 Laetantii
1426 1940 1511 1985 usus

271 2046 399 2109 prorsus
422 2026 602 2092 contrarius
626 2036 681 2091 est.

720 2174 823 2179 -..-...
835 2175 839 2178 .
851 2174 888 2179 .-.,
898 2174 1037 2181 .....-ξ,-

377 2290 423 2355 De
445 2292 618 2356 accusativi
641 2300 672 2355 et
700 2290 800 2357 dativi
824 2314 883 2357 usu
906 2294 1091 2376 quaestione
1121 2293 1251 2371 uberius
1274 2291 1439 2357 instituta
1464 2289 1509 2354 ad

270 2418 361 2461 usum
390 2396 523 2479 genitivi
553 2405 584 2461 et
611 2396 745 2461 ablativi
768 2418 903 2479 pergens
926 2418 992 2462 rem
1015 2399 1218 2482 paucioribus
1248 2396 1356 2462 verbis
1389 2393 1512 2460 absol-

270 2522 342 2566 vere
378 2523 527 2585 possum,
566 2501 717 2585 quoniam
752 2503 805 2565 vix
840 2502 923 2568 nllus
963 2504 1098 2587 scriptor
1132 2526 1152 2569 a
1185 2503 1319 2569 licentia
1354 2499 1510 2584 quadam

270 2608 392 2673 alienus
421 2615 469 2673 est
491 2629 594 2691 neque
624 2607 799 2691 quidquam
830 2607 919 2673 aliud
947 2609 1095 2685 interest,
1123 2609 1185 2675 nisi
1215 2607 1382 2691 quodid,
1414 2604 1510 2689 quod

269 2712 355 2797 apud
386 2714 523 2798 optimos
547 2714 715 2797 scriptores
749 2712 937 2779 insolentius
970 2714 1146 2792 iuvenitur,
1178 2714 1266 2798 apud
1301 2714 1510 2796 posteriores

269 2820 463 2885 consuetudo
489 2840 555 2885 esse
578 2819 712 2886 videtur.
749 2820 1013 2899 Quamobrem,
1037 2826 1074 2883 ut
1096 2820 1135 2885 de
1163 2820 1236 2885 aliis
1260 2826 1392 2885 teneam
1419 2836 1511 2901 quae

269 2928 408 2990 omnium
438 2947 498 2989 usu
529 2926 786 3007 frequentantur,
821 2924 894 2989 illas
925 2924 1086 2989 Laetautii
1117 2924 1242 2990 dicendi
1278 2923 1510 3008 proprietates

268 3051 443 3115 proponam
467 3051 550 3114 quae
573 3029 780 3118 notabiliores
802 3029 958 3095 videntur.

850 3274 907 3338 111.

700 3414 772 3493 De
802 3412 1041 3495 Genitivo

301 3592 337 3659 Α.
387 3591 432 3659 tle
456 3590 600 3675 neutrius
625 3606 699 3659 uum
725 3589 938 3659 substantivo
961 3590 1013 3658 vot
1039 3589 1204 3659 attentius
1230 3589 1324 3659 titius
1351 3590 1474 3660 lucum

696 3696 836 3763 tenente
861 3694 1050 3764 oouiuueto.

369 3877 415 3939 Ao
453 3873 592 3955 primum
628 3871 757 3953 quidem
793 3870 966 3935 notandum
1001 3877 1048 3934 est
1080 3871 1258 3951 genitivum
1292 3874 1511 3956 pronominis

261 3980 402 4045 reflexivi
427 3978 493 4045 sive
515 3975 718 4041 obieotivi
742 3976 808 4040 sive
836 3975 1059 4041 subiectivi
1092 3983 1158 4040 tam
1181 3979 1247 4042 late
1270 3979 1307 4042 in
1331 3978 1510 4045 Laetantii

314 4125 399 4131 ,...-η
409 4121 581 4130 -.-.—..-.--—--

367 4213 375 4241 ¹
395 4206 440 4260 Sia
459 4220 522 4259 oum
541 4204 616 4258 codd.
635 4200 755 4257 RSPV
773 4200 915 4269 legendum
933 4216 1034 4270 oenseo,
1052 4217 1105 4255 non
1123 4203 1156 4257 ut
1173 4203 1327 4259 Brnudtius
1354 4222 1423 4259 eum
1445 4208 1508 4261 omi

258 4296 281 4349 B
298 4285 516 4365 ¹Apologetionm‘
536 4292 602 4360 (eod.
615 4289 652 4343 B:
667 4320 700 4329 -
714 4290 752 4357 rt).
813 4284 815 4290 ’

366 4381 548 4448 20f.1)raeg.
568 4378 636 4433 Hist.
656 4377 734 4447 Synt.
754 4377 783 4429 1²
800 4374 817 4441 ᾖ
837 4375 896 4443 193,
916 4378 939 4430 1.
